5580 7372
986 705 1146 756 HYMNUS
1173 701 1308 755 SANCTI
1335 693 1516 749 COMGILLI
1544 691 1700 742 ABBATIS
1727 689 1876 741 NOSTRI.

528 914 588 987 xii.
621 914 804 1012 Magnum
824 912 1020 1010 apprendit
1038 908 1207 984 bradium

615 1042 777 1115 AEterna
794 1040 871 1114 vita
889 1039 1125 1137 condignum,

615 1167 788 1264 Adeptus
805 1184 974 1240 sanctum
993 1165 1189 1262 proemium

618 1293 707 1366 Post
725 1292 889 1365 laborem
908 1290 1170 1373 firmissimum,

616 1419 731 1514 Cujus
751 1418 954 1515 perfectum
973 1415 1145 1490 meritum

616 1520 804 1617 Vocamus
823 1545 858 1616 in
878 1540 1064 1624 auxilium,

620 1671 674 1744 Ut
693 1697 900 1746 mereamur
918 1669 1085 1743 omnium

617 1797 802 1870 Vitiorum
820 1795 1015 1870 excidium.

917 1922 1041 2017 Quem
1064 1919 1169 1993 Deus
1187 1918 1255 1993 dre.

517 2167 591 2240 xiii.
622 2168 746 2241 Notus
765 2186 977 2241 sanctorum
997 2166 1166 2249 coetibus,

615 2293 808 2368 Abbatum
829 2293 866 2365 in
885 2292 1088 2377 ordinibus,

620 2416 893 2492 Monachorum
912 2416 1099 2503 militibus,

616 2545 915 2618 Anchoretarum
934 2544 1115 2628 sensibus,

617 2671 813 2768 Synodum
832 2671 970 2744 sanctis
984 2668 1165 2767 plebibus,

620 2798 740 2870 lmmo
758 2796 815 2869 vir
833 2796 1066 2893 apostolicus

618 2921 749 2998 Clarus
767 2923 908 2995 cunctis
927 2922 964 2994 in
983 2922 1154 3009 sortibus

617 3047 812 3121 Adauctus
831 3048 868 3120 in
887 3047 1117 3121 sublimibus

955 3173 1017 3247 Ab
1037 3170 1180 3271 angelis
1198 3173 1267 3245 &a

517 3421 589 3492 xiv.
621 3421 657 3494 O
676 3436 819 3517 petram
839 3418 1101 3492 solidissimam

623 3546 665 3618 ln
684 3545 927 3618 fundamento
945 3538 1128 3640 positam!

620 3673 656 3746 Ο
675 3689 969 3768 contemptorem
988 3671 1153 3743 omnium

624 3798 764 3871 Rerum
784 3816 948 3893 nequam
967 3789 1234 3891 praesentiuml

621 3923 657 3997 Ο
676 3924 808 3997 ducem
828 3940 996 3996 sanctum
1016 3919 1171 3994 militum

623 4049 789 4122 Domino
807 4046 1060 4121 militantium!

623 4175 660 4248 O
679 4175 838 4247 tironem
858 4173 1098 4247 fortissimum

625 4301 792 4374 Domino
810 4318 929 4375 totum
947 4290 1134 4373 deditum!

933 4426 1058 4520 Quem
1080 4424 1186 4498 Deus
1204 4419 1271 4497 &e

538 4701 600 4751 xv.
629 4675 776 4749 Positus
795 4675 887 4748 muri
907 4666 1014 4748 ferrei

627 4801 720 4874 Vice
739 4802 775 4874 in
794 4793 875 4874 luce
893 4791 1034 4898 populi,

630 4927 833 5023 Dissipare,
854 4919 1079 5024 disperdere,

629 5052 775 5126 Cuncta
791 5051 889 5126 mala
905 5052 1105 5135 destruere,

628 5176 843 5262 AEdificate‚
863 5175 1029 5274 plantare

633 5303 739 5375 Bona
757 5319 835 5375 tota
853 5302 890 5375 in
908 5323 1115 5387 commune,

635 5428 744 5502 More
763 5428 880 5502 sancti
899 5419 1107 5501 Hieremiae

631 5552 833 5627 Constituti
853 5554 889 5625 in
905 5552 1076 5628 'culmine

969 5679 1032 5752 Ab
1050 5676 1192 5778 angelis
1210 5677 1276 5752 &e

533 5931 605 6003 xvi.
634 5929 730 6023 Quis
748 5928 969 6027 contempsit
988 5930 1185 6025 praesentia

635 6056 761 6154 Hujus
778 6057 850 6129 aevi
869 6056 1036 6141 decidua,

633 6181 729 6276 Quis
748 6182 915 6255 ascendit
934 6180 981 6255 ad
1000 6206 1161 6279 superna

629 6307 730 6382 Toto
748 6308 873 6381 animo
889 6308 1036 6406 gaudia,

1670 892 1766 986 Quis
1783 890 1935 967 volebat
1954 891 1990 964 in
2010 891 2151 965 aethera

1669 1018 1793 1092 Carne
1811 1016 1938 1092 volare
1956 1016 2087 1113 posita,

1671 1142 1842 1239 Qualiter
1859 1144 1929 1218 iste
1948 1141 2035 1217 talia

1670 1269 1844 1366 Adeptus
1862 1286 1990 1343 sancta
2007 1267 2168 1343 merita?

1973 1395 2098 1490 Quem
2121 1396 2229 1469 Deus
2247 1395 2314 1470 &e

1470 1572 1569 1672 [Fol.
1596 1570 1691 1669 17r.]
1784 1571 1787 1576 ’

1558 1700 1644 1772 xvii.
1677 1697 1791 1771 Rexit
1810 1715 1977 1770 sanctam
1996 1695 2191 1770 ecclesiam

1670 1821 1901 1898 Catholicam
1920 1848 1988 1919 per
2006 1821 2185 1921 regulam,

1673 1948 1855 2021 Retinens
1874 1947 1985 2021 fidem
2004 1947 2160 2021 solidam

1674 2072 1815 2148 Malam
1834 2092 1963 2148 contra
1981 2074 2193 2170 nequitiam,

1672 2200 1787 2274 Suam
1807 2226 1985 2274 exercens
2003 2200 2165 2274 animam

1672 2326 1821 2400 Sanctae
1841 2324 1934 2424 legis
1952 2352 2019 2423 per
2037 2328 2222 2424 paginam,

1672 2452 1799 2548 Cujus,
1819 2468 1968 2549 exopt0,
1987 2452 2109 2550 gratia

1674 2577 1770 2651 Mihi
1789 2578 1945 2652 adornet
1963 2578 2146 2651 animam!

2009 2703 2072 2776 Ab
2092 2703 2234 2801 angelis
2253 2703 2318 2777 &c

1536 2905 1639 2979 xviii.
1671 2903 1830 3000 Sapiens
1849 2929 1936 2976 suos
1956 2903 2121 2977 internos

1674 3029 1833 3103 Sanctos
1847 3029 1999 3103 elevans
2017 3028 2145 3103 oculos

1675 3150 1901 3229 Deduoebat
1919 3154 1966 3228 ad
1985 3180 2141 3252 superos

1668 3277 1812 3379 ‘Capite
1830 3300 1960 3355 sancto
1980 3283 2152 3366 intentos,

1676 3405 1788 3482 Parte
1806 3426 1935 3482 sancta
1953 3408 1990 3480 in
2008 3408 2164 3481 dextera

1669 3533 1871 3608 *Collocans
1890 3560 1956 3607 sua
1967 3535 2119 3618 viscera,

1669 3654 1914 3732 ‘Cer·1'turion'is
1928 3681 2046 3756 'opera

1679 3785 1838 3858 Habens
1856 3804 1984 3858 sancta
2002 3811 2069 3882 per
2086 3784 2218 3858 studia

1978 3911 2107 4006 Quem
2128 3910 2234 3985 Deus
2253 3908 2319 3983 &e

1572 4089 1646 4161 xix.
1676 4085 1780 4160 Tulit
1797 4112 1902 4160 suam
1922 4087 2139 4160 memoriam

1677 4212 1740 4285 Ad
1760 4212 1989 4284 mansionem
2008 4232 2217 4308 supernam,

1678 4338 1813 4411 Caram
1835 4336 1921 4410 Deo
1939 4354 1977 4411 et
1995 4337 2163 4411 floridam

1678 4465 1794 4538 Suam
1812 4488 1990 4537 exercens
2008 4461 2179 4549 animam,

1678 4588 1935 4663 Contemnens
1953 4606 2088 4662 terram
2106 4589 2313 4680 subdolam,

1681 4715 1827 4786 Vanam
1845 4739 1995 4788 omnem
2015 4715 2195 4788 insaniam
2239 4695 2242 4701 ⁴

1682 4841 1861 4927 Domans,
1882 4839 2077 4939 [pergens]
2095 4868 2178 4915 cum
2198 4843 2390 4917 Abraham

1679 4966 1743 5039 Ad
1762 4984 1897 5040 terram
1917 4964 2015 5040 illam
2034 4968 2223 5065 optimam.

2011 5092 2075 5165 Ab
2096 5094 2239 5192 angelis
2257 5093 2324 5170 &c

1593 5329 1653 5376 xx.
1685 5303 1809 5377 Vitam
1828 5321 2006 5377 aetemam
2025 5303 2166 5404 fulgida

1680 5429 1854 5525 Adeptus
1872 5445 1930 5503 est
1948 5429 2017 5502 sub
2035 5456 2181 5517 corona,

1685 5555 1762 5629 Ubi
1781 5572 1946 5629 assumet
1965 5557 2119 5653 praemia

1683 5681 1931 5754 Permansura
1950 5681 1986 5753 in
2006 5681 2149 5766 saecula,

1681 5805 1936 5879 Comitaturus
1954 5806 2105 5904 agmina

1682 5908 1917 6029 Angelorum
1935 5932 2132 6029 praecipua,

1686 6056 1881 6152 Inquirens
1900 6082 2047 6152 semper
2066 6055 2162 6143 talia,

1682 6178 1852 6280 Vigilans
1871 6181 1908 6254 in
1928 6181 2093 6254 ecclesia.

1993 6307 2117 6401 Quem
2138 6305 2244 6380 Deus
2262 6306 2329 6381 &e
