5580 7372
417 675 439 744 8
1240 693 1437 746 canrrcuu
1464 692 1590 744 uovsr.

418 895 615 971 sanctitate
651 913 689 971 et
715 895 860 994 justitia
898 922 1023 971 coram
1063 898 1155 995 ipso,
1193 898 1365 973 omnibus

418 1022 551 1096 diebus
569 1021 716 1096 nostris.

472 1153 527 1240 76.
560 1148 612 1221 Et
636 1166 685 1226 tu.
714 1173 815 1244 puer.
845 1148 1028 1247 propheta
1054 1149 1238 1224 Altissimi
1256 1176 1364 1226 voca-

418 1274 528 1361 beris,
544 1275 694 1371 praeibis
705 1275 806 1349 enim
818 1293 906 1349 ante
917 1275 1050 1351 faciem
1066 1277 1220 1351 Domini
1234 1303 1364 1376 parare

418 1400 498 1474 vias
516 1401 607 1498 ejus.

472 1547 528 1619 77.
548 1526 611 1600 Ad
630 1525 791 1601 dandam
810 1528 1002 1602 scientiam
1015 1527 1143 1603 salutis
1154 1529 1252 1628 plebi
1270 1529 1361 1628 ejus,

417 1653 454 1724 in
473 1653 732 1726 remissionem
751 1672 988 1751 peccatorum
1007 1682 1137 1730 eorum
1155 1685 1163 1743 ς

470 1783 526 1871 78.
550 1780 620 1852 Per
631 1781 775 1853 viscera
792 1782 1052 1856 misericordiae
1065 1783 1126 1856 dei
1145 1782 1309 1882 nos[tri‚]
1325 1784 1362 1858 in

416 1906 551 2002 quibus
591 1905 692 2004 [Fol.
733 1907 830 2005 1or.]
856 1907 1023 1983 visitavit
1057 1935 1125 1984 nos
1160 1911 1284 1985 oriens
1314 1937 1362 1986 ex

415 2030 499 2105 alto,

467 2178 524 2251 79.
553 2155 763 2231 llluminare
781 2157 839 2231 his
857 2159 919 2255 qui
939 2159 975 2232 in
994 2161 1157 2234 tenebris
1175 2180 1213 2236 et
1231 2163 1362 2238 umbra

414 2284 543 2357 mortis
561 2283 702 2369 sedent,
723 2283 770 2356 ad
788 2283 1004 2384 dirigendos
1022 2288 1138 2383 pedes
1156 2308 1302 2365 nostros
1324 2291 1361 2364 in

412 2409 511 2482 viam
530 2410 641 2506 pacis

462 2658 518 2729 80.
551 2654 647 2728 Puer
664 2671 788 2728 autem
807 2655 1007 2741 crescebat,
1026 2673 1064 2729 et
1082 2654 1358 2739 confortabatur

411 2780 447 2853 in
474 2780 614 2876 spiritu,
635 2798 673 2854 et
690 2798 769 2855 erat
791 2780 827 2853 in
854 2780 1012 2854 desertis
1039 2807 1162 2878 usque·
1183 2782 1234 2855 ad'
1256 2783 1356 2857 diem

409 2905 633 2979 ostensionis
651 2932 728 2980 suae
748 2903 795 2979 ad
817 2904 941 2980 lsrael.

610 3410 682 3509 [5.]
734 3413 943 3492 Cnnrrcuu
972 3414 1150 3517 [Morsu]

407 3650 507 3754 [Fol.
548 3655 623 3754 7r.]
666 3683 695 3732 1.
735 3658 939 3734 Cantemus
977 3662 1152 3749 Domino,
1189 3662 1350 3762 gloriose

403 3780 503 3853 enim
521 3779 785 3858 honorificatus
804 3803 870 3871 est,
891 3812 1028 3883 equum
1050 3806 1088 3863 et
1115 3815 1349 3864 ascensorem

402 3905 557 4001 projecit
576 3907 613 3979 in
632 3934 743 3982 mare.
801 3936 831 3985 2.
853 3912 1016 4007 Adjutor
1032 3930 1070 3988 et
1084 3933 1272 4011 protector
1282 3915 1349 3989 luit

402 4029 492 4102 mihi
511 4032 548 4105 in
567 4031 724 4107 salutem
740 4063 747 4120 ;

452 4156 530 4230 Hic
547 4158 654 4231 Deus
672 4185 787 4246 meus,
802 4179 839 4235 et
858 4161 1109 4239 honorificabo
1127 4192 1221 4253 eum,
1241 4167 1347 4241 Deus

400 4282 516 4377 patris
547 4284 630 4369 mei,
651 4302 688 4358 et
722 4284 895 4361 exaltabo
930 4314 1025 4364 eum.
1080 4314 1113 4385 3.
1161 4292 1347 4367 Dominus

400 4423 599 4480 conterens
616 4407 723 4496 bella,
775 4412 962 4486 Dominus
981 4440 1118 4489 nomen
1139 4435 1196 4491 est
1218 4417 1277 4492 illi.

449 4556 483 4623 4.
530 4532 669 4609 Currus
709 4536 911 4612 Pharaonis
946 4560 983 4614 et
1023 4543 1226 4617 exercitum
1264 4545 1345 4642 ejus

398 4659 555 4756 projecit
584 4660 621 4732 in
652 4687 764 4745 mare,
797 4663 935 4738 electos
962 4692 1188 4756 ascensores
1220 4689 1345 4746 ternos

398 4798 567 4868 statores
587 4784 764 4862 demersit
783 4789 820 4862 in
835 4791 983 4864 rubrum
1003 4819 1113 4868 mare.

451 4930 482 5003 5.
532 4910 670 5010 Pelago
704 4917 894 5010 cooperuit
929 4943 1004 5004 eos,
1042 4919 1273 4997 devenerunt
1308 4925 1347 4997 in

396 5034 619 5130 profundum
644 5053 833 5135 tamquam
856 5039 958 5138 lapis.
1013 5049 1046 5119 6.
1078 5045 1246 5121 Dextera
1269 5066 1341 5136 tua,

295 5199 300 5211 ·
400 5159 574 5247 Domine,
606 5161 812 5261 glorificata
841 5185 898 5241 est
934 5170 970 5241 in
1005 5172 1151 5258 virtute,
1189 5174 1345 5251 dextera

397 5311 528 5359 manus
547 5305 618 5373 tua,
642 5289 816 5376 Domine,
837 5295 1045 5394 confringet
1062 5298 1240 5375 inimicos.

450 5432 480 5504 7.
512 5413 564 5487 Et
599 5440 666 5511 per
704 5416 978 5494 multitudinem
1022 5424 1225 5520 majestatis
1269 5445 1342 5501 tuae

395 5535 494 5634 [Fol.
518 5538 593 5636 7v.]
618 5542 824 5617 contrivisti
842 5544 1084 5634 adversarios,
1100 5550 1232 5625 misisti
1251 5553 1341 5628 iram

395 5677 507 5747 tuam,
527 5681 565 5736 et
583 5666 745 5741 comedit
763 5693 828 5742 eos
846 5685 1036 5767 tamquam
1055 5674 1237 5772 stipulam.

445 5790 477 5862 8.
510 5788 562 5861 Et
591 5815 659 5886 per
688 5792 858 5888 spiritum
889 5796 1086 5872 iracundiae
1117 5815 1190 5875 tuae
1221 5803 1341 5880 divisa

394 5929 451 5986 est
477 5939 596 6010 aqua;
621 5914 843 6015 gelaverunt
862 5938 1049 6019 tamquam
1068 5950 1195 6000 murus
1212 5955 1341 6027 aquae;

391 6037 612 6137 gelaverunt
630 6043 762 6117 fluctus
781 6045 817 6118 in
838 6048 960 6121 medio
974 6051 1075 6125 mari.

443 6191 476 6258 9.
507 6168 615 6241 Dixit
632 6169 821 6258 inimicus;
843 6172 1076 6272 Persequens
1102 6183 1340 6278 comprehen-

1465 893 1682 969 interficiam
1711 891 1838 994 gladio
1868 919 1963 981 meo,
2000 894 2251 969 dominabitur
2280 921 2413 970 manus

1465 1047 1559 1096 mea.

1519 1171 1573 1222 10.
1604 1145 1741 1220 Misisti
1760 1146 1929 1243 spiritum
1948 1164 2062 1234 tuum,
2082 1165 2119 1221 et
2137 1148 2328 1245 cooperuit
2345 1175 2412 1224 eos

1463 1298 1588 1362 mare;
1614 1287 1823 1348 merserunt
1840 1291 2030 1370 tamquam
2049 1272 2241 1370 plumbum
2258 1275 2296 1349 in
2314 1301 2411 1372 aqua

1461 1397 1703 1481 validissima,

1518 1549 1571 1599 11.
1602 1526 1698 1620 Quis
1715 1523 1848 1598 similis<
1863 1523 1929 1598 tibi
1948 1525 1985 1597 in
2004 1524 2085 1611 diis,
2108 1525 2301 1600 Domine?
2326 1528 2410 1624 quis

1461 1648 1590 1723 similis
1616 1648 1694 1736 tibi,
1721 1648 1905 1748 gloriosus
1932 1650 1968 1723 in
1995 1648 2143 1738 sanctis,
2169 1650 2346 1725 mirabilis
2372 1652 2408 1725 in

1462 1775 1729 1872 majestatibus,
1749 1775 1887 1849 saciens
1906 1773 2105 1873 prodigia?

1517 1925 1570 1976 12.
1601 1901 1815 1975 Extendisti
1834 1900 2027 1975 dexteram
2046 1896 2353 2000 tuam‚[Fol.8r.]
2370 1920 2408 1977 et

1460 2024 1655 2100 devoravit
1673 2051 1738 2099 eos
1757 2043 1864 2100 terra.
1907 2050 1960 2120 13.
1982 2025 2210 2100 Gubemasti
2223 2027 2406 2124 justitiam

1460 2168 1566 2224 tuam·
1581 2149 1722 2248 populo
1740 2166 1805 2225 tuo
1823 2150 1921 2224 hunc
1940 2177 2051 2248 quem
2070 2150 2234 2226 liberasti
2249 2181 2256 2238 ;

1512 2276 1743 2351 Exhortatus
1775 2303 1816 2350 es
1841 2277 1877 2349 in
1900 2277 2036 2351 virtute
2063 2295 2126 2351 tua
2153 2277 2190 2349 in
2215 2277 2406 2377 refrigerio

1458 2418 1587 2476 sancto
1613 2420 1687 2477 tuo.
1746 2427 1800 2495 14.
1829 2401 2041 2476 Audierunt
2066 2419 2210 2501 gentes
2237 2421 2276 2476 et
2304 2404 2406 2478 iratae

1457 2546 1563 2614 sunt;
1600 2528 1747 2601 dolores
1765 2524 2126 2625 comprehenderunt
2157 2528 2405 2605 inhabitantes

1457 2653 1677 2727 Philisthim.

1511 2802 1564 2874 15.
1604 2779 1713 2853 Tunc
1745 2778 2014 2853 festinaverunt
2044 2780 2158 2853 duces
2195 2780 2330 2867 Edom,
2366 2800 2404 2856 et

1453 2904 1639 3002 principes
1690 2904 1968 2978 Mohabitarum
1981 2933 1989 2992 ;
2041 2905 2286 3002 apprehendit
2337 2933 2404 2981 eos

1454 3030 1584 3117 timor;
1621 3030 1819 3104 tabuerunt
1853 3057 1983 3105 omnes
2019 3030 2269 3105 inhabitantes
2304 3032 2402 3107 Cha·

1453 3180 1557 3236 naan.

1507 3287 1562 3356 16.
1603 3281 1763 3355 Decidat
1798 3294 1911 3379 super
1944 3307 2010 3356 eos
2044 3283 2155 3357 timor
2188 3302 2226 3359 et
2261 3300 2400 3359 tremor

1451 3407 1718 3507 magnitudinis
1761 3407 1900 3481 brachii
1944 3409 2020 3494 tui;
2068 3407 2159 3483 fiant
2209 3427 2400 3507 tamquam

1451 3533 1553 3630 lapis,
1579 3533 1699 3606 donec
1723 3548 1888 3607 transeat
1913 3532 2071 3630 populus
2097 3552 2192 3622 tuus,
2223 3536 2398 3622 Domine,

1450 3683 1567 3755 usque
1598 3658 1687 3731 dum
1717 3675 1881 3732 transeat
1907 3658 2065 3756 populus
2092 3678 2186 3747 tuus,
2223 3661 2397 3748 Domine,

1450 3783 1509 3857 hic
1528 3783 1633 3885 [MS.
1655 3780 1768 3888 hunc]
1792 3810 1903 3881 quem
1922 3783 2095 3858 liberasti.

1501 3905 1599 4009 [Fol.
1622 3907 1697 4005 8v.]
1738 3933 1791 4001 17.
1851 3909 2010 3982 lnduces
2045 3908 2216 4006 plantans
2251 3937 2316 3986 eos
2360 3912 2397 3984 in

1448 4051 1614 4106 montem
1646 4032 1862 4107 hereditatis
1883 4051 1966 4119 tuae,
1987 4034 2022 4107 in
2042 4052 2248 4131 praeparata
2278 4037 2397 4112 habit-

1446 4159 1570 4233 atione
1595 4176 1667 4244 tua,
1688 4184 1799 4255 quam
1824 4160 2049 4257 praeparasti,
2072 4161 2245 4247 Domine,
2264 4165 2397 4238 sancti-

1446 4282 1609 4357 monium
1636 4303 1753 4374 tuum,
1775 4284 1948 4370 Domine,
1970 4285 2069 4381 quod
2094 4309 2397 4384 praeparaverunt

1446 4435 1577 4482 manus
1596 4427 1679 4483 tuae.

1499 4537 1552 4610 18.
1584 4534 1758 4620 Domine,
1783 4553 1822 4608 tu
1846 4560 1982 4635 regnas
2009 4536 2045 4608 in
2072 4554 2261 4625 aeternum,
2290 4556 2328 4613 et
2356 4540 2392 4614 in

1444 4658 1618 4732 saeculum
1653 4658 1786 4747 saeculi,
1823 4679 1861 4735 et
1904 4661 2033 4737 adhuc.
2105 4687 2158 4756 19.
2205 4665 2393 4758 Quoniam

1444 4785 1594 4859 intravit
1615 4786 1806 4882 equitatus
1823 4785 2024 4860 Pharaonis
2051 4815 2135 4861 cum
2162 4791 2328 4865 curribus
2354 4811 2392 4867 et

1441 4912 1700 4985 ascensoribus
1732 4912 1768 4984 in
1799 4939 1923 5000 mare;
1958 4930 1997 4988 et
2028 4914 2172 4988 induxit
2205 4916 2392 4991 Dominus

1442 5064 1554 5134 super
1587 5064 1652 5111 eos
1687 5064 1802 5135 aquas
1837 5040 1971 5126 maris;
2014 5040 2077 5113 filii
2112 5061 2236 5116 autem
2275 5044 2389 5118 lsrael

1442 5164 1611 5237 abierunt
1628 5190 1695 5260 per
1712 5166 1848 5238 siccum
1866 5190 1934 5263 per
1950 5165 2114 5240 medium
2131 5194 2243 5243 mare.

1506 5483 1578 5582 [6.]
1631 5486 1873 5562 Banunrcrro
1907 5488 2066 5588 [rmum]
2100 5514 2317 5566 nunnonuu.

1490 5705 1547 5780 57.
1579 5687 1793 5761 Benedicite
1812 5691 1936 5763 omnia
1954 5717 2068 5787 opera
2088 5692 2242 5766 Domini
2259 5694 2388 5768 Domi-

1439 5837 1550 5886 num:
1577 5812 1755 5909 hymnum
1782 5815 1902 5903 dicite,
1932 5835 1970 5891 et
1996 5819 2270 5914 superexaltate
2300 5848 2385 5895 eum

1437 5937 1635 6012 insaecula.

1488 6084 1546 6156 59.
1594 6063 1808 6139 Benedicite
1842 6066 1925 6140 coeli
1964 6068 2115 6143 Domini
2159 6070 2384 6146 Dominum:

1435 6186 1614 6283 hymnum
1657 6191 1778 6279 dicite,
1816 6209 1854 6266 et
1896 6194 2172 6291 superexaltate
2216 6222 2300 6271 eum
2344 6200 2382 6272 in

391 6291 487 6377 dam,
506 6294 672 6390 partibor
688 6295 815 6393 spolia,
838 6298 991 6396 replebo
1017 6305 1178 6379 animam
1205 6334 1338 6397 meam,
1432 6313 1575 6390 saecula.
