5580 7372
884 703 1131 754 ANTIPHONAE
1158 702 1208 751 DE
1236 698 1500 749 maturemus:
1534 699 1585 748 AI)
1612 694 1913 748 COMMUNIONEM.

628 1003 702 1105 [11.
735 1005 860 1102 Super
879 1001 1103 1103 Cantemus]

443 1155 680 1241 Gubernasti,
714 1156 887 1243 Domine,
917 1155 1094 1253 populum
1130 1174 1234 1230 tuum
1279 1180 1345 1250 per

397 1280 565 1354 Rubrum
586 1281 703 1355 Mare.

637 1456 711 1558 [12.
741 1459 868 1554 Super
880 1456 1115 1558 Benedicite]

443 1608 540 1682 Tres
558 1609 661 1706 pueri
695 1611 894 1684 cantabant
926 1637 999 1684 una
1027 1637 1122 1684 voce
1148 1610 1195 1684 de
1222 1605 1347 1684 medio

396 1734 493 1830 ignis
510 1735 675 1808 ardentis
694 1735 865 1808 flammae.

640 1933 673 2036 [t
684 1960 715 2028 3.
746 1937 875 2032 Super
893 1936 1123 2034 Canlcmus]

450 2085 623 2171 Domine,
669 2102 708 2159 tu
752 2113 886 2185 regnas
931 2088 967 2160 in
1011 2106 1200 2167 aeternum.
1238 2108 1275 2161 et
1312 2083 1350 2161 in

396 2209 571 2284 soeculum
590 2212 725 2293 saeculi,
744 2231 782 2286 et
800 2213 930 2287 adhuc.

638 2409 714 2513 [14.
746 2414 871 2510 Super
885 2412 1126 2514 Benedicite]

449 2563 576 2637 Sancti
595 2582 633 2637 et
652 2563 811 2638 humiles
831 2565 944 2638 corde
963 2564 1176 2640 benedicite
1198 2563 1351 2640 Domini

400 2689 617 2763 Dominum.

625 2864 701 2962 [15.
731 2867 857 2963 Super
874 2865 1103 2967 Cantemus]

450 3016 637 3089 Dominus
650 3033 848 3090 conterens
865 3017 962 3091 bella
977 3048 984 3105 ;
1006 3020 1195 3094 Dominus
1213 3046 1349 3096 nomen

397 3160 454 3215 (est
474 3141 535 3214 llll.

637 3313 712 3417 [τό.
742 3320 868 3414 Super
882 3320 1127 3419 Benedicite]

450 3468 667 3542 Benedicite
684 3471 812 3542 omnia
831 3497 947 3567 opera
968 3472 1045 3546 Dei
1067 3472 1287 3548 Dominum.

397 3617 497 3716 [1201.
521 3615 624 3720 32v.]

640 3742 717 3843 [17.
746 3745 871 3842 Super
887 3746 1114 3847 Cantemus]

446 3891 498 3994 ᾖ
516 3895 722 3969 Cantemus
744 3896 921 3982 Domine,
941 3896 1105 3997 gloriose
1132 3900 1231 3974 enim
1252 3927 1353 4000 mag-

399 4017 570 4093 nificatus
586 4038 655 4094 est.

631 4195 707 4295 [18.
737 4199 864 4296 Super
879 4200 1117 4300 Benedicite]

454 4345 650 4442 Hymnum
681 4347 803 4435 dicite,
836 4367 875 4423 et
901 4351 1175 4448 superexaltate
1204 4378 1288 4429 eum
1316 4359 1353 4431 in

403 4472 548 4548 saecula

637 4648 713 4747 [19.
742 4651 867 4746 Super
884 4652 1110 4753 Cantemus]

454 4797 539 4872 Filii
558 4817 682 4873 autem
714 4801 827 4875 lsrael
858 4802 1029 4879 abierunt
1046 4831 1114 4902 per
1131 4808 1268 4881 siccum
1287 4832 1355 4906 per

403 4924 568 4998 medium
586 4951 698 4999 mare.

631 5100 706 5199 [20.
736 5102 863 5199 Super
875 5104 1118 5208 Benedicite]

458 5250 729 5325 Benedicamus
758 5254 883 5328 Deum
913 5256 1072 5343 Patrem,
1092 5277 1130 5333 et
1151 5259 1297 5348 Filium,
1317 5280 1355 5337 et

407 5376 587 5472 Spiritum
608 5378 797 5467 Sanctum,
820 5381 1037 5455 Dominum.

710 5629 774 5702 De
801 5653 1052 5709 ntnntvmssus

408 5622 530 5724 nou

463 5776 551 5851 Post
571 5778 678 5876 ignes
690 5798 728 5852 et
746 5778 915 5869 laminas,

463 5904 602 5976 Cruces
618 5926 731 6001 atque
750 5907 897 5995 bestias,

463 6028 592 6101 Sancti
611 6056 696 6101 cum
715 6056 853 6130 magno
871 6034 1058 6132 triumpho

464 6153 662 6228 Vehuntur
681 6157 716 6228 in
736 6183 892 6256 regnum

465 6279 516 6351 Et
535 6279 571 6351 in
591 6281 831 6379 refrigerium.

1443 998 1564 1100 [102]
1645 999 1742 1071 laen
1768 1018 1858 1068 anm
1885 1016 1934 1065 oe
1962 1013 2215 1065 ntnawntous

1499 1165 1551 1239 Hi
1564 1183 1649 1239 sunt
1663 1165 1725 1261 qui
1736 1177 1919 1237 venerunt
1930 1187 1975 1234 ex
1991 1184 2128 1257 magna
2145 1157 2392 1239 tribulatione,

1443 1310 1480 1365 et
1494 1291 1663 1365 laverunt
1676 1289 1791 1364 stolas
1802 1314 1898 1373 suas,
1912 1305 1950 1361 et
1963 1284 2141 1359 candidas
2152 1310 2217 1358 eas
2228 1283 2395 1358 secemnt

1445 1411 1481 1482 in
1501 1409 1682 1508 sanguine
1700 1407 1813 1503 Agni.

1446 1710 1565 1810 [¹05]
1745 1703 1808 1781 De
1836 1728 2093 1780 MARTYRIBUS.

1500 1887 1544 1960 ln
1563 1884 1742 1959 memoria
1758 1901 1961 1978 martyrum
1976 1900 2135 1966 tuorum,

1499 2008 1672 2097 Domine,
1686 2011 1817 2084 adesto
1834 2008 2006 2106 precibus
2023 2032 2215 2081 servorum
2234 2022 2393 2086 tuorum,

1501 2134 1661 2212 Christe.

1452 2436 1573 2537 [104]
1751 2435 1815 2507 DE
1842 2455 2095 2507 naammaus,

1504 2615 1547 2687 ln
1568 2612 1802 2686 invocatione
1819 2628 2030 2683 sanctorum
2049 2626 2263 2704 martyrum.

1505 2741 1697 2828 Miserere,
1719 2738 1837 2824 Deus,
1849 2734 2056 2833 supplicum
2075 2752 2234 2808 tuorum.

1453 3040 1573 3140 [105]
1614 3041 1742 3115 Solen
1771 3034 1936 3112 Douma
1963 3059 2161 3111 nst-“umuli
2189 3059 2230 3107 m

1771 3166 1973 3238 Doumtco
1999 3185 2075 3236 ona.

1499 3342 1552 3445 ᾖ
1571 3344 1812 3430 Convertere,
1834 3334 2009 3428 Domine,
2035 3336 2257 3436 usquequo?
2281 3354 2319 3410 et
2336 3335 2400 3409 de·

1450 3469 1643 3568 precabilis
1660 3482 1743 3542 esto
1761 3493 1872 3565 super
1889 3488 2019 3539 servos
2038 3482 2130 3538 tuos,

1453 3766 1572 3870 [tou]
1816 3767 1912 3840 tren
1940 3786 2037 3837 atu.

1506 3947 1665 4044 Respice
1702 3947 1738 4018 in
1769 3969 1898 4018 servos
1929 3960 2023 4024 tuos,
2043 3958 2081 4015 et
2113 3940 2149 4012 in
2181 3963 2295 4036 opera
2325 3956 2401 4025 tua,

1456 4073 1628 4146 Domine.

1818 4346 1914 4418 lanu
1942 4367 2039 4417 atta.

1453 4346 1573 4450 [ποι]

1507 4521 1655 4621 Repleti
1673 4542 1800 4596 sumus
1818 4539 1928 4594 mane
1946 4517 2197 4592 misericordia
2214 4534 2285 4590 tua

1756 4822 1858 4895 Am
1884 4842 2102 4895 cononum.

1455 4820 1573 4925 oon

1505 5001 1563 5075 Sit
1581 4997 1757 5097 splendor
1777 4998 1930 5072 Domini
1952 4993 2027 5071 Dei
2046 4997 2161 5071 nostri
2180 5021 2293 5093 super
2309 5021 2389 5068 nos

1457 5286 1576 5389 [too]
1678 5285 1731 5388 ᾖ
1760 5287 1825 5360 Ao
1851 5306 2153 5363 connumonsn.

1508 5465 1655 5561 Corpus
1676 5465 1830 5539 Domini
1845 5465 2064 5563 accepimus
2081 5485 2119 5540 et
2133 5466 2316 5566 sanguine
2329 5469 2412 5566 ejus

1457 5592 1573 5688 potati
1592 5617 1729 5664 sumus.
1785 5590 1847 5663 Ab
1860 5591 1960 5663 omni
1979 5590 2077 5665 malo
2097 5618 2170 5666 non
2186 5592 2409 5675 timebimus,

1457 5718 1544 5813 quia
1565 5717 1751 5791 Dominus
1770 5717 1961 5790 nobiscum
1976 5735 2044 5791 est.

1460 5865 1558 5967 lF01·
1581 5864 1681 5966 33⁷2]

1460 6014 1579 6116 [110]

1513 6168 1674 6241 Gustate
1692 6184 1731 6241 et
1748 6167 1883 6254 videte,
1907 6168 2074 6257 Alleluia,
2088 6197 2200 6268 quam
2220 6171 2344 6244 suavis
2356 6190 2413 6246 est

1467 6295 1660 6368 Dominus.
1715 6292 1886 6367 Alleluia

1825 6018 1921 6090 lmzu
1950 6039 2047 6091 num.
