5580 7372
975 717 1136 769 HYMNUS
1162 716 1437 769 APOSTOLORUM
1467 717 1515 768 UT
1542 718 1619 768 ALII
1647 717 1801 769 DICUNT.

550 916 982 992 mmmmmr

678 1044 812 1117 Mundi
830 1065 913 1119 acta
930 1071 1116 1143 spernere,

675 1170 729 1244 Et
747 1170 783 1242 in
801 1170 951 1245 deserto

674 1294 862 1369 Virtutum
880 1295 1092 1371 consistere.

538 1544 597 1619 xii.
626 1546 843 1620 Summerso
861 1572 965 1620 saevo

676 1671 801 1746 Cincri
820 1689 957 1746 canunt
974 1671 1108 1747 aemulo

674 1798 854 1873 Certatim
876 1799 962 1873 Deo

678 1924 826 1998 Laudes
844 1925 927 1998 duci
947 1926 1072 2024 igneo.

522 2173 595 2248 xiii.
626 2173 763 2271 Sicque
777 2175 894 2271 erepti

673 2301 847 2398 Nequam
862 2302 1036 2399 jubemur
1053 2302 1156 2376 fretis

674 2426 844 2500 Laudare
866 2426 990 2500 Deum

673 2550 850 2649 Explosis
869 2552 1036 2628 inimicis.

521 2797 594 2872 xiv.
626 2797 678 2871 Et
695 2797 789 2873 sicut
807 2797 868 2872 ille

672 2924 784 2997 Lucis
802 2923 844 2998 fit
862 2924 1005 2999 initium

674 3050 730 3123 lta
749 3070 786 3124 et
805 3050 875 3124 iste

669 3175 809 3249 Salutis
827 3176 1030 3251 exordium.

392 3349 494 3448 [Fol.
520 3351 596 3450 5v.]

530 3504 592 3553 xv.
622 3479 785 3552 Locatur
802 3478 941 3575 primus

670 3605 714 3677 ln
733 3622 862 3678 tenore
880 3602 964 3688 diei,

669 3728 865 3803 Secundus
883 3755 975 3802 vero

671 3854 715 3927 ln
734 3853 855 3928 calore
873 3853 969 3927 fidei.

518 4100 591 4175 xvi.
623 4100 667 4174 In
685 4100 759 4176 fine
778 4102 906 4175 mundi
979 4072 986 4086 ⁹

668 4227 759 4301 Post
777 4242 881 4301 tanta
899 4228 1075 4322 mysteria

667 4352 790 4426 Adest
810 4352 984 4428 Salvator

667 4478 764 4552 Cum
781 4479 914 4578 grandi
933 4477 1141 4554 clementia.

507 4716 593 4792 xvii.
622 4719 795 4817 Tamque
812 4739 941 4819 aperte

672 4844 871 4920 Elementa
889 4847 1127 4944 praetendunt

668 4971 794 5065 Quam
813 4989 940 5045 vatum
958 4999 1024 5047 ora

671 5096 812 5171 Lucidc
829 5098 1099 5173 concelebrant.

494 5344 593 5421 xviii.
623 5346 746 5420 Natus
763 5363 804 5420 ut
822 5345 935 5420 homo

673 5470 824 5545 Mortali
844 5472 881 5544 in
900 5471 1064 5571 tegmine

671 5597 760 5670 Non
779 5597 885 5671 deest
903 5597 997 5671 coelo

669 5723 831 5796 Manens
850 5722 886 5795 in
905 5723 1100 5798 Trinitate.

517 5948 593 6024 xix.
620 5947 736 6046 Vagit
754 5947 790 6020 in
808 5947 950 6044 pannis,

666 6075 876 6148 Veneratur
892 6100 915 6147 a
933 6075 1062 6174 magis,

669 6198 807 6299 Fulget
825 6200 861 6272 in
880 6199 1004 6285 stellis,

667 6326 859 6400 Adoratur
877 6327 913 6399 in
932 6324 1043 6402 coelis.

1585 944 1644 990 xx.
1675 916 1825 991 Statura
1843 915 1906 989 vili

1724 1042 1947 1116 Continetur
1963 1046 2131 1143 praesepi,

1723 1167 1840 1266 Cujus
1858 1168 1998 1267 pugillo

1722 1294 1851 1368 Potest
1869 1294 1969 1368 orbis
1986 1295 2164 1371 concludi.

1572 1547 1644 1620 xxi.
1678 1545 1914 1642 Primumque
1932 1546 2080 1646 signum

1722 1672 1914 1746 Portendit
1930 1673 2118 1770 discipulis

1720 1799 1842 1896 Aquae
1860 1826 2051 1873 conversae

1721 1925 1765 1999 ln
1783 1952 1916 2022 sapore
1935 1925 2102 2000 nectaris.

1558 2175 1645 2250 xxii.
1675 2177 1774 2249 Tum
1794 2202 1861 2273 per
1877 2176 2098 2273 prophetam

1722 2301 1941 2399 Completur
1958 2317 2000 2376 ut
2018 2302 2171 2389 dictum,

1721 2437 1742 2467 “
1755 2426 1873 2501 Saliet
1890 2426 2041 2501 claudus

1723 2552 1778 2628 Ut
1797 2579 1929 2627 cervus
1944 2553 1963 2580 ”
1982 2553 2189 2650 perniciter.

1545 2799 1645 2875 xxiii.
1678 2798 1865 2896 Planaque
1883 2799 1988 2886 latur,

1717 2924 1904 2999 Absoluto
1922 2923 2079 3012 vincu10,

1722 3051 1870 3150 Lingua
1888 3069 2073 3124 mutorum

1721 3176 1934 3275 Imperante
1956 3177 2129 3251 Domino.

1542 3425 1641 3498 xxiv.
1671 3423 1782 3499 Surdi
1801 3442 1987 3511 sanantur,

1717 3550 1817 3625 Caeci
1836 3567 1948 3647 atque
1966 3549 2112 3647 leprosi,

1718 3675 1866 3750 Funere
1882 3694 1986 3750 truso

1717 3802 1951 3876 Suscitantur
1968 3801 2112 3876 mortui.

1555 4073 1640 4120 xxv.
1671 4046 1848 4122 Totidem
1867 4072 1983 4143 panes

1715 4172 1890 4269 Quinque
1908 4172 2042 4247 dividit
2058 4172 2178 4245 virum

1715 4298 1957 4372 Saturaturus

1717 4422 1849 4496 Procul
1867 4422 1982 4497 dubio
1999 4422 2170 4497 millibus.

1540 4670 1638 4746 xxvi.
1670 4671 1760 4744 Post
1778 4688 1900 4746 tantas
1919 4670 2036 4745 moles

1718 4796 1869 4869 Divinae
1887 4795 2093 4870 clementiae

1716 4922 1868 4996 Exosus
1887 4920 1947 4996 ille

1713 5046 1873 5122 Stimulo
1892 5046 2050 5122 invidiae.

1527 5295 1639 5370 xxvii.
1670 5296 1744 5390 Qui
1765 5295 1932 5369 invidere

1717 5422 1769 5495 Et
1786 5421 1901 5496 odere
1918 5422 2080 5496 animam

1715 5548 1786 5622 Pro
1805 5548 1961 5622 inimicis

1713 5674 1925 5772 Prorogans
1943 5673 2130 5773 [precatus
2149 5675 2235 5775 est]

1438 5819 1489 5923 [F
1492 5821 1538 5896 ol.
1560 5822 1637 5922 on]

1513 5949 1638 6023 xxviii.
1668 5950 1865 6023 Adversus
1883 5975 1968 6023 eum

1713 6075 1831 6148 lnitur
1847 6075 2040 6150 conisilum

1712 6201 1787 6295 Qui
1807 6202 1931 6299 magni
1950 6202 2070 6276 dictus

1710 6325 1864 6401 Consilii
1883 6345 1941 6402 est
1960 6329 2119 6402 nuntius,
