5580 7372
1261 734 1551 786 COLLECTIONES.

401 1053 496 1156 [73]
583 1058 681 1132 Post
708 1083 884 1135 taenara
911 1088 1093 1139 ooutuuu
1122 1091 1172 1140 nn

822 1212 949 1264 cozms

458 1334 564 1408 Deus
591 1356 726 1424 noster,
752 1339 857 1414 Deus
884 1344 1053 1416 omnium
1079 1345 1294 1431 animarum,
1316 1363 1353 1418 te

402 1460 608 1548 adoramus,
654 1481 695 1537 ut
734 1467 768 1538 in
814 1466 883 1540 hac
926 1469 1056 1568 vigilia
1096 1470 1353 1546 sollemnitatis

400 1586 562 1661 admissa
579 1592 774 1686 pervenire
792 1613 955 1690 praestes.
976 1622 1170 1695 quousque
1188 1600 1358 1674 tenebrae-

402 1710 500 1809 [Fol.
525 1739 543 1786 2
550 1714 625 1813 5r.]
646 1717 850 1814 iniquitatis
869 1738 1005 1794 nostrae
1032 1743 1297 1799 convertantur
1315 1728 1351 1798 in

400 1836 548 1924 lumine,
596 1841 689 1915 sicut
733 1843 787 1917 sol
833 1845 869 1917 i'n
913 1849 1068 1924 meridie
1115 1850 1355 1949 splendescit„

400 1961 574 2039 Salvator
592 1969 730 2056 mundi,
753 1971 832 2066 Qui¹
848 1999 991 2073 regnas,
1013 1976 1080 2052 dte,

398 2265 495 2366 [74]
673 2271 773 2346 Post
800 2298 1057 2352 nvnuonmvu.

453 2419 699 2508 Dominicam,
722 2445 859 2500 nostrae
887 2432 1165 2505 resurrectionis
1194 2433 1347 2516 initium,

398 2566 629 2633 venerantes
677 2550 852 2627 Trinitati
905 2555 990 2629 Deo
1034 2578 1161 2632 nostro
1205 2561 1350 2636 debitas

396 2668 523 2745 laudes
559 2691 597 2746 et
639 2694 765 2771 grates
809 2681 913 2754 unito
958 2682 1161 2758 reseramus
1203 2686 1347 2771 aflectu.

396 2796 635 2873 obsecrantes
686 2802 975 2880 misericordiam
1021 2811 1111 2908 ejus,
1158 2832 1198 2887 ut
1242 2815 1349 2888 nobi's

400 2922 552 2998 Domini
588 2945 625 2999 et
670 2926 876 3004 Salvatoris
923 2937 1038 3008 nostri
1075 2936 1194 3011 beatae
1231 2966 1349 3014 resur·

395 3050 568 3123 rectionis
611 3053 844 3150 participium
881 3072 956 3129 tam
994 3060 1030 3132 in
1067 3062 1196 3160 spiritu
1236 3091 1346 3160 quam

394 3191 505 3249 ettam
542 3177 578 3250 in
613 3205 767 3277 corpore
798 3185 991 3272 concedat,
1022 3187 1208 3282 Quicum
1239 3191 1347 3265 Patre

395 3303 499 3386 vivit,
521 3302 588 3376 dcc.

393 3502 488 3605 l75·]
713 3511 810 3585 Posv
837 3537 1017 3588 uvuuuu.

446 3657 615 3755 Respice,
652 3661 825 3745 Domine.
856 3665 902 3738 ad
933 3692 1062 3762 preces
1095 3688 1248 3757 nostras,
1281 3674 1351 3769 qui·

394 3781 624 3859 infirmitates
644 3788 801 3862 visitasti
831 3788 1020 3874 humanas,
1042 3812 1080 3868 et
1109 3813 1213 3868 tuam
1239 3797 1346 3870 nobis

392 3910 722 3987 sanctificationem
766 3913 900 4014 largire
935 3937 973 3992 et
1018 3919 1342 4009 immortalitatem,

393 4036 551 4123 Christe,
575 4038 650 4132 Qui
671 4066 822 4137 regnas,
837 4043 906 4117 &o

393 4333 486 4435 [γᾶ]

446 4512 664 4587 Summerso
707 4517 744 4588 i'n
788 4519 884 4591 mari·
934 4519 1127 4597 Pharaone
1170 4523 1346 4600 libera-tur

400 4636 536 4712 lsrael:
564 4665 633 4712 nos
664 4665 813 4737 quoque
843 4669 910 4740 per
927 4644 1107 4742 baptismi¹
1119 4651 1287 4748 gratiam,
1308 4670 1346 4725 et

395 4762 513 4837 crucis
544 4765 769 4862 triumphum
799 4767 846 4840 ab
877 4771 977 4843 omni
1010 4771 1107 4847 malo
1133 4800 1346 4871 quaesumus

396 4887 541 4962 liberari
560 4909 691 4986 perte,
714 4891 873 4979 Christe,
893 4894 986 4992 [Qui
1007 4924 1151 4997 regnas,
1170 4901 1257 5000 δια]

601 4335 653 4438 ›1‹
683 4339 780 4412 lacu
809 4365 898 4416 nost
925 4366 1130 4420 cnuncuu.

635 5167 730 5240 latu
759 5191 849 5242 voss
876 5193 1114 5248 snuemctrn.

399 5162 494 5266 [77·]

452 5316 567 5400 Deus
588 5319 651 5413 qui
679 5336 754 5391 tres
772 5346 909 5416 pueros
928 5322 976 5395 de
994 5324 1142 5401 fornace
1169 5331 1344 5427 eripuisti.

398 5441 497 5539 [Fol.
517 5469 536 5516 2
542 5441 614 5544 5v.]
635 5444 686 5517 sic
707 5471 774 5519 nos
793 5446 927 5544 eripias
942 5448 989 5522 de
1003 5450 1191 5548 suppliciis
1205 5453 1345 5543 inferni,

400 5568 475 5662 Qui
495 5595 629 5668 regnas
648 5571 683 5643 in
703 5569 848 5660 saecula,
868 5573 933 5646 dcc.

402 5812 494 5914 [78]
578 5816 676 5888 Post
703 5840 879 5892 thouars
909 5820 1103 5896 Domuuu
1132 5847 1181 5896 nn

809 5967 936 6019 cratis.

452 6092 511 6164 Te
546 6090 750 6181 laudamus,
787 6094 958 6180 Domine,
987 6124 1073 6170 cum·
1106 6102 1243 6173 sanctis
1277 6104 1350 6175 tuis

404 6233 443 6290 ut
477 6242 605 6314 preces
641 6237 786 6292 nostras
823 6223 1010 6319 suscipere
1054 6225 1228 6324 digneris
1275 6228 1349 6323 Qui

400 6368 543 6440 regnas,
563 6341 629 6416 &c

1745 1064 1845 1137 Posr
1872 1085 2127 1137 nvnucmuu.

1456 1062 1552 1161 [tv-l

1510 1215 1785 1315 Resurgentem
1822 1216 1857 1288 in
1893 1215 1963 1289 hoc
2002 1212 2162 1288 diluculo
2201 1213 2405 1287 Dominum

1456 1340 1707 1438 deprecamur,
1743 1360 1783 1415 ut
1823 1362 1859 1416 et
1895 1368 1962 1415 nos
2003 1342 2039 1414 in
2076 1341 2192 1414 vitam.
2227 1358 2404 1414 aeternam

1454 1491 1699 1566 resurgamus,
1720 1494 1788 1565 per
1805 1468 1934 1548 omnia¹
1947 1465 2082 1543 saecula
2099 1464 2326 1540 saeculorum.

1774 1723 1873 1797 Post
1901 1748 2082 1799 uvuuou.

1455 1719 1550 1821 [80]

1508 1874 1834 1948 Resurrectionem
1856 1893 1967 1961 tuam,
1991 1876 2150 1962 Christe,
2170 1903 2401 1964 veneramur,

1456 2024 1650 2095 perquam
1670 1999 1706 2071 in
1725 2019 1904 2074 aeternum
1936 2000 2068 2076 salvari
2102 2029 2317 2091 mereamur,
2337 2030 2404 2102 per

1451 2124 1577 2198 omnia
1593 2124 1736 2199 saecula.

1454 2370 1547 2471 vo

1504 2523 1653 2598 Christe
1687 2525 1801 2611 Deus,
1831 2525 1893 2623 qui
1921 2527 1958 2600 in
1993 2526 2150 2603 salutem
2186 2527 2312 2626 populi
2348 2530 2400 2603 tui

1458 2650 1570 2725 lsrael
1603 2651 1750 2748 adjutor
1780 2671 1817 2726 et
1846 2671 2034 2749 protector
2062 2654 2172 2741 fuisti,
2191 2680 2302 2751 quem
2335 2680 2402 2751 per

1451 2777 1587 2849 siccum
1619 2802 1720 2851 mare
1749 2776 1796 2849 ab
1827 2777 2001 2876 AE'gypto
2031 2779 2179 2866 duxisti,
2201 2778 2305 2852 salva
2332 2805 2400 2853 nos

1452 2901 1522 2976 hoc
1558 2903 1671 2977 mod'o
1705 2903 1753 2976 ab
1778 2903 1874 3003 jugo
1904 2905 2055 3001 peccati,
2088 2905 2163 3000 Qui
2200 2931 2334 3005 regnas
2362 2906 2399 2978 in

1450 3025 1592 3114 saecula,
1614 3029 1681 3101 &c

1702 2371 1897 2474 >14[Posv
1923 2375 2151 2475 cauticum]

1449 3254 1545 3354 [82]
1576 3256 1675 3329 Post
1702 3278 1873 3329 nvurvuu
1901 3280 2023 3330 vntuu
2051 3280 2268 3331 nunnonuu.

1500 3407 1559 3481 Te
1591 3406 1700 3492 enim,
1733 3407 1970 3504 omnipotens
2004 3409 2118 3493 Deus,
2144 3407 2399 3483 benedicimus

1444 3533 1539 3631 jure.
1595 3534 1669 3628 Qui
1689 3551 1764 3607 tres
1783 3559 1918 3630 pueros
1945 3532 2106 3607 liberasti
2134 3534 2182 3607 ab
2212 3536 2308 3633 igne,
2329 3560 2399 3606 nos

1448 3684 1597 3756 quoque
1623 3659 1671 3733 de
1698 3657 1878 3756 supplicio
1909 3660 2038 3732 mortis
2066 3678 2215 3734 aeternae
2247 3679 2399 3757 propter

1448 3785 1738 3859 misericordiam
1757 3805 1858 3858 tuam
1877 3786 1987 3882 eripe,
2010 3786 2084 3880 Qui
2105 3812 2250 3886 regnas,
2271 3787 2338 3859 &o

1449 4033 1544 4135 [83]
1614 4035 1713 4107 Post
1741 4058 1916 4108 tainum:
1947 4035 2143 4110 Domuum
2171 4059 2221 4108 on

1865 4182 1992 4233 ccums.

1502 4310 1607 4383 Deus
1624 4307 1811 4396 altissime,
1833 4336 1897 4383 rex
1916 4308 2142 4408 angelorum,

1500 4435 1614 4520 Deus
1635 4432 1715 4506 laus
1732 4435 1897 4507 omnium
1916 4432 2194 4521 elementorum,

1502 4562 1616 4645 Deus,
1637 4557 1756 4658 gloria
1773 4577 1811 4634 et
1829 4559 2008 4634 exultatio
2026 4579 2248 4647 sanctorum,

1453 4690 1550 4792 [Fol.
1574 4689 1671 4790 adn]
1701 4689 1857 4765 Custodi
1876 4690 2019 4762 animas
2030 4714 2221 4762 servorum
2236 4707 2396 4774 tuorum,

1500 4819 1575 4913 Qui
1595 4843 1729 4915 regnas
1748 4817 1783 4889 in
1803 4813 1940 4888 saecula·
1954 4811 2218 4913 [saeculorum]

1447 5064 1542 5166 [84]
1733 5065 1832 5138 Post
1860 5084 2117 5136 svaudunum

1499 5217 1663 5292 Canticis
1714 5213 1939 5313 spiritalibus
1995 5211 2167 5287 delectati
2225 5213 2396 5309 hymnos

1448 5345 1606 5429 Christe,
1627 5360 1875 5416 consonantes
1894 5366 2068 5413 canamus
2087 5339 2164 5426 tibi,
2181 5339 2316 5436 quibus
2334 5358 2398 5414 tua

1451 5471 1625 5567 majestas
1654 5468 1770 5566 possit
1798 5465 1943 5565 placari,
1976 5465 2101 5539 oblata
2128 5464 2247 5539 laudis
2274 5465 2398 5540 hostia

1448 5595 1610 5693 spiritali,
1633 5594 1714 5689 Qui
1732 5612 1853 5667 tecum
1873 5592 1975 5677 vi'vit,
1995 5593 2061 5664 &c

1449 5818 1544 5921 [852]

1503 5966 1677 6044 Diluculo
1704 5966 1805 6052 lucis,
1835 5984 1986 6039 auctore
2022 5983 2248 6063 resurgente,
2278 5966 2397 6040 exsul-

1449 6118 1569 6172 temus
1585 6097 1621 6168 in
1644 6094 1818 6177 Domino,
1837 6091 1985 6164 devicta
2002 6109 2131 6177 morte,
2151 6116 2227 6188 quo
2244 6110 2397 6189 peccata

1448 6224 1632 6322 possimus
1651 6244 1798 6316 semper
1811 6217 1923 6301 obire,
1941 6216 2102 6312 vitaeque
2116 6216 2347 6292 ambulemus
2359 6219 2395 6291 in

1450 6350 1624 6436 novitate,
1647 6347 1721 6441 Qui
1741 6365 1863 6419 tecum
1883 6343 1984 6428 vivit,
2006 6341 2072 6416 &o

1674 5816 1771 5889 lanu
1800 5837 1890 5888 vosr
1918 5836 2175 5886 avarici-:uuit
