5580 7372
804 749 967 801 HYMNUS
994 750 1130 800 SANCTI
1157 748 1371 799 cauatam:
1408 745 1617 797 COLLECTIO
1642 743 1694 794 AD
1720 742 1937 794 SECUNDAM.

488 951 561 1024 xxi.
591 949 694 1048 Xpm
719 947 791 1050 [212.
812 946 1019 1048 Christum]
1048 949 1178 1022 orabat
1210 949 1343 1047 magis-

638 1093 746 1163 trum,

591 1200 787 1274 Summum
802 1224 939 1272 ornans
957 1199 1188 1295 obsequium,

560 1418 564 1425 η
592 1326 669 1423 Xpi
686 1322 760 1426 [ic.
781 1321 938 1424 Christi]
965 1351 1101 1423 gerens
1126 1324 1285 1397 officium

591 1452 729 1526 Actum
748 1476 814 1548 per
831 1450 1085 1548 apostolicum.

595 1577 721 1675 Hujus
739 1601 901 1673 sequens
920 1577 1130 1676 vestigium,

594 1704 747 1776 Ducens
768 1703 854 1776 Deo
872 1703 1076 1776 exercitum

596 1829 639 1902 ln
658 1847 826 1902 sanctum
846 1828 1095 1901 habitaculum

592 1955 788 2028 Trinitatis
805 1953 1055 2028 lectissimum.

926 2079 989 2152 Ab
1007 2077 1150 2177 angelis
1168 2078 1234 2152 &c

479 2309 565 2383 xxii.
594 2308 760 2381 Ymnum
782 2308 868 2380 Deo
885 2332 969 2379 cum
987 2308 1132 2380 cantico

594 2432 816 2507 lmmolabat
833 2432 1021 2520 altissimo,

594 2560 680 2634 Diei
700 2560 818 2632 noctis
835 2558 971 2633 circulo

594 2687 718 2760 Orans
736 2712 837 2783 saepe
855 2712 938 2758 cum
958 2685 1153 2782 triumpho.

597 2812 633 2885 N
638 2837 708 2884 unc
726 2813 890 2885 cantavit
907 2812 977 2885 sub
996 2839 1150 2884 numero

592 2938 789 3011 Canticum
808 2963 946 3010 novum
968 2937 1133 3011 Domino

594 3065 750 3161 Junctus
767 3063 881 3139 choro
899 3065 1068 3163 angelico

593 3191 750 3265 Summo
768 3209 916 3264 sanctus
935 3192 971 3262 in
984 3189 1114 3288 jubilo

904 3316 1028 3410 Quem
1050 3316 1155 3390 Deus
1173 3318 1240 3388 &c

392 3518 491 3617 [Fol.
519 3518 613 3616 met]

470 3645 569 3718 xxiii.
600 3645 706 3717 Zona
722 3643 863 3717 cinctus
876 3643 1040 3741 justitiae,

595 3770 788 3844 Castitatis
805 3771 961 3854 eximite,

595 3896 743 3969 Mundo
760 3914 912 3993 opertus
929 3895 1086 3969 sindone

599 4023 642 4095 ln
661 4024 770 4120 signo
787 4023 1015 4096 castimoniae

601 4150 632 4222 F
635 4148 807 4221 eminalia
825 4147 958 4221 lucidae

599 4274 758 4348 Habens
776 4293 855 4348 toto
873 4300 921 4348 ex
940 4276 1091 4360 viscere,

597 4401 715 4498 Cujus
733 4420 862 4475 sancto
879 4427 947 4498 pro
964 4427 1078 4499 opere

605 4527 799 4601 Reddetur
816 4553 958 4601 merces
977 4527 1171 4625 condigne.

663 4747 667 4754 ,
700 4653 824 4747 Quem
846 4653 952 4726 Deus
969 4652 1017 4724 ad
1034 4652 1197 4725 aetherea

697 4780 887 4854 Conduxit
905 4779 1114 4853 habitacula

696 4906 762 4978 Ab
777 4903 919 5002 angelis
937 4905 1122 4979 custodita

698 5032 943 5104 Permansura
961 5031 997 5102 in
1016 5029 1160 5104 saecula

449 5209 520 5284 Per
554 5208 685 5282 merita
719 5226 757 5281 et
792 5207 982 5280 orationes
1012 5205 1129 5278 saneti
1175 5203 1347 5304 Comgilli

397 5335 542 5410 abbatis
578 5335 692 5407 nostri
727 5357 858 5406 omnes
893 5358 971 5417 nos,
1008 5331 1181 5417 Domine,
1213 5331 1249 5403 in
1286 5350 1349 5405 tua

398 5487 488 5559 pace
506 5460 661 5535 custodi.

631 5803 805 5876 Hmmus
833 5799 979 5877 Sancti
1005 5799 1216 5878 Caustact

279 5779 284 5786 ’
395 5801 492 5903 [u]

550 5979 573 6053 i.
605 5979 745 6053 Audite
764 5979 901 6052 bonum
921 5979 1133 6076 exemplum

601 6104 793 6178 Benedicti
811 6104 984 6201 pauperis

595 6229 782 6304 Camelaci
802 6228 1013 6303 Cumiensis

602 6356 676 6430 Dei
689 6355 781 6454 justi
800 6354 935 6428 famuli.

1577 943 1611 1014 ii.
1642 939 1870 1036 Exemplum
1888 938 2031 1036 praebet
2050 939 2086 1011 in
2107 957 2187 1011 toto

1640 1066 1780 1140 Fidelis
1799 1067 1835 1138 in
1853 1090 1977 1162 opere,

1639 1193 1789 1267 Gratias
1810 1191 1895 1264 Deo
1913 1215 2040 1287 agenS,

1640 1317 1782 1390 Hilaris
1801 1316 1837 1389 in
1856 1315 2038 1400 omnibus,

1563 1565 1608 1636 iii.
1637 1563 1793 1660 Jejunus
1810 1581 1849 1635 et
1867 1580 2083 1635 mansuetus

1642 1688 1784 1761 Kastus
1803 1687 1862 1761 hic
1880 1688 1995 1761 servit
2017 1689 2112 1774 Deo,

1642 1813 1808 1887 Laetatur
1826 1814 1861 1885 in
1881 1833 2109 1910 paupertate,

1640 1941 1746 2014 Mitis
1764 1957 1822 2014 est
1841 1941 1877 2013 in
1896 1941 2079 2026 omnibus,

1565 2183 1613 2257 iv.
1643 2181 1828 2254 Noctibus
1846 2197 1958 2276 atque
1977 2179 2109 2252 diebus

1642 2308 1738 2381 Orat
1759 2306 1963 2380 Dominum
1981 2331 2112 2392 suum;

1643 2434 1820 2517 Prudens
1836 2434 1970 2530 justus,
1991 2458 2034 2505 ac
2053 2430 2181 2516 fidelis,

1643 2559 1767 2653 Quem
1786 2557 1935 2657 cognati
1954 2555 2124 2656 diligunt.

1580 2833 1616 2878 v.
1646 2806 1792 2904 Regem
1815 2805 2021 2878 Dominum
2039 2807 2186 2902 aspexit

1643 2922 1953 3018 Salvatoremque
1972 2948 2103 2996 suurn:

1645 3048 1793 3121 Tribuit
1811 3046 1896 3120 huic
1913 3067 2090 3121 aeternam

1643 3174 1769 3248 Vitam
1788 3200 1871 3246 cum
1891 3172 2071 3248 fidelibus

1542 3425 1589 3496 vi.
1644 3424 1728 3520 Xps
1746 3422 1818 3521 [zie.
1840 3421 2030 3523 Christus]
2048 3423 2148 3497 illum
2174 3424 2372 3498 insinuavit

1645 3548 1866 3621 Patriarchae
1884 3548 2058 3633 Abrahae,

1643 3673 1704 3745 Yn
1726 3674 1903 3748 Paradiso
1921 3676 2092 3773 regnavit

1643 3799 1740 3873 Cum
1758 3819 1888 3873 sancto
1908 3801 2060 3875 Lazaro.

1678 4123 1897 4197 Cottucrro
1922 4146 1975 4196 nu
2001 4146 2217 4199 sucunnnu.

1442 4118 1539 4221 uu

1498 4299 1592 4372 Esto
1621 4299 1728 4372 nobis
1751 4316 1939 4397 protector
1963 4302 1999 4374 in
2028 4302 2098 4374 ista
2128 4303 2199 4388 die,
2223 4302 2396 4383 Domine.

1444 4441 1572 4499 sancte
1601 4426 1718 4511 Pater,
1753 4428 1992 4523 omnipotens
2028 4446 2168 4501 aeterne
2210 4428 2327 4514 Deus,
2358 4450 2395 4503 et

1446 4552 1640 4624 miserator
1666 4570 1704 4624 et
1731 4553 1951 4639 misericors,
1970 4571 2009 4626 et
2039 4553 2235 4627 auxiliator
2253 4573 2291 4628 et
2319 4555 2395 4627 dux

1447 4676 1563 4762 nobis,
1609 4691 1647 4748 et
1696 4675 1921 4750 illuminator
1960 4679 2127 4751 cordium
2172 4698 2393 4754 nostrorum.

1447 4802 1615 4888 Custodi,
1653 4803 1826 4886 Domine,
1863 4803 2120 4901 cogitationes,
2158 4804 2393 4904 serm[o]nes.

1445 4953 1568 5025 opera,
1590 4947 1630 5002 ut
1648 4929 1833 5025 possimus
1847 4927 1992 5025 placere
2011 4930 2047 5001 in
2066 4930 2220 5028 conspel
2223 4931 2302 5029 ctu]
2319 4951 2393 5015 tuo,

1450 5054 1625 5143 Domine,
1653 5073 1691 5127 et
1725 5054 1902 5151 perficere
1936 5052 2167 5129 voluntatem
2204 5082 2317 5148 tuam,
2357 5076 2396 5132 et

1445 5179 1669 5276 [am]bulare
1687 5181 1723 5252 in
1739 5181 1800 5252 via
1818 5199 1917 5253 recta
1936 5199 2015 5253 toto
2034 5200 2169 5255 nostrae
2188 5183 2275 5256 vitae
2287 5183 2394 5281 t[em-

1448 5303 1568 5402 pore]

1444 5529 1544 5628 [ru.
1570 5529 1667 5628 on]

1445 5679 1543 5777 [η]

1713 5679 1814 5752 Ireu
1840 5703 1930 5753 acm
1956 5704 2006 5753 no
2034 5704 2248 5756 secuuunn.

1647 5854 1705 5926 Te
1723 5879 1881 5938 oramus,
1901 5852 2104 5939 Altissime,

1654 5979 1797 6052 Exorto
1815 5978 1903 6051 solis
1922 5978 2069 6063 lumine,

1654 6104 1804 6178 Christo
1822 6104 1945 6176 oriens
1965 6104 2123 6189 nomine,

1650 6231 1798 6305 Adesto
1817 6229 1925 6302 nobis
1946 6229 2119 6315 Domine,

1763 6386 1767 6394 ·
1844 6355 1919 6450 Qui
1939 6381 2075 6454 regnas
2093 6355 2130 6428 in
2149 6354 2292 6428 saecula

2168 6479 2194 6528 u
2223 6479 2241 6526 2
