5580 7372
855 725 1090 778 ANTIPHONAE
1117 725 1236 777 SUPER
1261 717 1464 777 CANTEMUS
1492 725 1539 776 ΕΤ
1565 726 1802 777 BENEDICITE.

331 928 417 1003 etin
430 926 563 1003 futuro.
603 928 681 1003 Sed
700 946 875 1027 operetur
889 930 925 1003 in
937 947 976 1004 te
990 931 1108 1004 virtus
1127 927 1278 1012 Christi,

332 1057 368 1128 in
397 1081 444 1130 eo
472 1055 535 1152 qui
567 1080 768 1153 propassus
798 1074 857 1129 est
884 1074 925 1129 ut
956 1056 1072 1130 vitam
1103 1073 1280 1129 aetemam

332 1205 549 1267 mereamur,
585 1207 652 1278 per
697 1182 901 1255 Dominum
946 1201 1113 1256 nostrum
1151 1181 1281 1279 Jesum

333 1307 526 1383 Christum
547 1307 683 1380 Filium
701 1332 819 1393 suum,
839 1308 907 1380 διε.

334 1679 427 1782 [97]
545 1679 699 1754 Ounno
725 1702 776 1752 ms
797 1680 1067 1754 Minimus.

382 1854 435 1957 ᾖ
454 1857 561 1930 Deus
575 1856 638 1953 qui
654 1855 880 1951 martyribus
895 1856 969 1929 tuis
980 1855 1134 1953 largitus
1148 1882 1189 1932 es
1201 1882 1282 1956 reg-

335 2010 433 2069 num,
455 1981 563 2056 nobis
583 2000 709 2056 autem
727 1980 969 2077 peccantibus
995 1983 1143 2059 veniam
1170 2008 1281 2079 praes-

334 2128 412 2182 tare
423 2107 597 2206 digneris.
651 2105 705 2179 Hi
717 2132 891 2180 coronam
905 2133 1010 2179 suam
1024 2108 1197 2203 passione
1216 2133 1283 2205 per

332 2233 445 2307 fidem
463 2249 698 2316 meruerunt;
717 2249 921 2305 nosautem
940 2257 1008 2328 pro
1027 2232 1282 2328 iniquitatibus

333 2377 371 2433 et
388 2356 755 2456 praevaricationibus
773 2358 910 2430 nostris
921 2358 1177 2435 remissionem
1204 2385 1227 2431 a
1244 2377 1281 2432 te

333 2500 371 2556 et
401 2481 692 2555 misericordiam
729 2480 963 2579 postulamus
997 2509 1065 2581 per
1102 2499 1150 2569 te,
1189 2483 1280 2581 Jesu

334 2609 494 2699 Christe,
514 2610 584 2681 διε.

335 2959 430 3061 [98]
494 2961 642 3035 lucum
667 2982 892 3034 nur-runous
918 2983 959 3037 ru
989 2984 1129 3038 numu

722 3085 886 3173 Dourur,

533 3236 651 3286 surr-:n
678 3212 841 3286 Douma
859 3236 1069 3288 nexuerunt.

657 3363 710 3412 au
737 3361 954 3412 secuuonu.

332 3465 432 3565 [Ροὶ.
456 3461 556 3562 319]

379 3590 432 3693 >1⁴
448 3592 513 3665 Ab
531 3591 712 3665 hodierno
730 3589 791 3664 die
810 3615 885 3664 nox
903 3590 1089 3677 minuitur,
1106 3591 1187 3664 dies
1205 3616 1280 3664 cre·

331 3719 410 3803 scit,
428 3717 689 3791 concutiuntur
715 3717 892 3801 tenebrae,
905 3714 1030 3789 lumen
1049 3735 1216 3815 augetur,
1243 3737 1281 3791 et

337 3846 373 3917 in
385 3842 486 3917 lucro
500 3841 591 3915 lucis
602 3860 783 3916 nocturna
793 3842 989 3939 dispendia
1000 3841 1281 3919 transferuntur.

335 4217 428 4324 [99.]
495 4222 695 4295 lucramur
721 4240 956 4294 summoue
983 4241 1102 4294 surm

515 4344 733 4421 Causinius
761 4369 809 4419 Er
839 4345 1091 4421 Buxsmems.

582 4519 634 4624 [1.
664 4524 792 4620 Super
810 4521 1036 4621 Cantemus]

380 4669 432 4776 >14
452 4672 589 4747 Educti
609 4699 656 4747 ex
675 4671 850 4771 AEgypto
868 4690 992 4767 patres
1011 4672 1127 4747 nostri
1144 4691 1182 4748 et
1200 4701 1280 4771 per·

332 4801 557 4876 transierunt
580 4798 739 4896 pedibus
770 4796 940 4870 Rubrum
970 4799 1089 4886 Mare,
1110 4798 1182 4899 [et]
1199 4801 1279 4873 dix·

331 4943 439 5001 erunt
456 4924 603 4999 laudem
626 4921 792 4997 Domino
811 4941 949 4997 nostro.

577 5145 629 5251 [2.
659 5147 782 5247 Super
795 5145 1036 5248 Benedictis]

381 5300 478 5376 Tres
496 5301 599 5398 pueri
621 5326 656 5373 rn
675 5301 860 5373 caminum
879 5303 981 5373 missr
1000 5317 1095 5386 sunt,

382 5429 433 5502 Et
453 5452 525 5502 non
545 5428 747 5500 timuerunt

380 5553 587 5628 Flammam
608 5550 713 5650 ignis,
734 5548 805 5650 [et]
823 5549 996 5626 dixerunt

383 5677 550 5753 Laudem
573 5674 739 5751 Domino
758 5695 895 5751 nostro.

579 5897 627 6003 [3.
650 5901 776 6000 Super
794 5898 1021 6003 Cantemus]

379 6054 465 6132 Filii
487 6052 738 6130 Hebraeorum
759 6073 1058 6150 penetraverunt,

382 6182 560 6257 lsraelitae
579 6179 707 6278 plebes
726 6182 950 6255 transierunt

381 6312 452 6385 Per
469 6311 605 6382 siccum
624 6334 738 6398 mare,
758 6305 827 6408 [et]
844 6308 991 6382 laudem
1006 6309 1187 6385 dixerunt.

1624 1025 1673 1128 [4.
1703 1029 1827 1125 Super
1840 1025 2076 1129 Beudena]

1431 1177 1529 1252 Tres
1547 1180 1651 1275 pueri
1671 1198 1708 1254 te
1726 1180 1892 1265 orabant,

1433 1303 1494 1376 De
1513 1305 1637 1378 medio
1656 1306 1753 1404 ignis
1771 1305 1818 1378 ad
1836 1322 1875 1379 te
1892 1304 2113 1395 clamabant,

1434 1427 1496 1500 Ex
1515 1454 1589 1501 una
1606 1455 1699 1504 voce
1718 1429 1898 1527 hymnum
1916 1430 2102 1504 dicebant

1633 1628 1682 1731 [5.
1712 1631 1839 1729 Super
1856 1630 2086 1730 Cantemus]

1430 1780 1627 1855 Gloriosus
1653 1783 1690 1855 in
1718 1784 1865 1870 sanctiS,
1885 1783 2064 1857 mirabilis
2082 1784 2118 1856 in
2145 1784 2330 1884 majestat·

1382 1905 1474 1994 ibus,
1494 1907 1632 1984 faciens
1650 1909 1830 2008 prodigia

1617 2107 1668 2210 [6.
1697 2111 1823 2208 Super
1836 2109 2079 2210 Benedicta]

1434 2258 1704 2333 Benedicamus
1733 2261 1858 2334 Deum
1881 2261 2040 2352 Patrem,
2058 2281 2097 2336 et
2126 2262 2272 2350 Filium,
2292 2282 2330 2336 et

1383 2385 1563 2481 Spiritum
1584 2386 1773 2472 Sanctum,
1798 2387 2013 2461 Dominum.

1383 2532 1481 2634 [Fol.
1502 2536 1603 2635 32r.]

1631 2661 1681 2760 [7.
1710 2664 1832 2760 Super
1853 2662 2079 2764 Cantemus]

1436 2812 1618 2886 Dextram
1637 2813 1844 2911 laevamque
1865 2815 2020 2911 Moyses
2038 2816 2192 2914 aspexit,

1432 2938 1542 3011 Viam
1562 2939 1722 3037 regalem
1741 2939 1919 3037 populum
1937 2942 2076 3027 eduxit,

1430 3065 1496 3137 Ad
1511 3064 1613 3138 littus
1631 3066 1742 3139 maris
1759 3092 1877 3163 usque
1895 3067 2079 3164 perduxit.

1630 3267 1681 3366 [8.
1703 3268 1829 3365 Super
1843 3270 2081 3369 Berredz'cz’te]

1437 3416 1618 3496 Fomacis
1636 3417 1805 3491 flammas
1822 3421 1927 3516 pueri
1945 3439 2259 3518 contempserunt,

1433 3541 1584 3616 Christo
1596 3544 1738 3643 jugiter
1756 3545 2050 3634 immolaverunt,

1430 3668 1540 3743 Viam
1560 3670 1722 3767 iniquam
1741 3671 2026 3770 dereliquerunt.

1382 4043 1500 4150 [roo]
1560 4048 1689 4123 Surus
1715 4072 1892 4124 munnae
1921 4049 2112 4126 Domuum
2139 4074 2190 4125 on

1796 4199 1922 4250 cums.

1433 4350 1494 4424 De
1528 4348 1631 4424 coelis
1669 4351 1875 4425 Dominum
1917 4352 2075 4440 laudate,
2113 4353 2325 4450 psalterium

1376 4475 1582 4572 jucundum
1614 4475 1812 4564 immolate,
1848 4475 1996 4552 laudate
2031 4505 2116 4553 eum
2161 4482 2198 4556 in
2233 4508 2327 4556 sono

1377 4601 1486 4676 tubae.

1375 4991 1472 5098 [99]
1535 4995 1799 5096 [Axrrrnoun
1826 5017 1944 5071 sumn
1972 4995 2181 5071 Caurnucs

1677 5146 1724 5195 ετ
1754 5121 2024 5220 Bnunmcmn]

1624 5297 1674 5398 [9.
1704 5300 1829 5396 Super
1847 5294 2070 5400 Cantemus]

1428 5452 1572 5528 Pharao
1606 5454 1799 5528 demersus
1834 5472 1892 5528 est
1926 5456 1963 5529 in
1994 5452 2162 5528 Rubrum
2194 5451 2321 5539 Mare:

1380 5579 1537 5677 Moyses
1565 5581 1765 5678 pertransit
1795 5581 1832 5653 in
1852 5583 1952 5655 sicco
1969 5581 2070 5679 pede
2106 5581 2231 5666 maria,
2259 5575 2327 5679 [et]

1371 5707 1475 5793 dixit,
1498 5704 1583 5781 Deo
1600 5724 1758 5782 cantate.

1609 5902 1683 6008 [10.
1712 5909 1835 6004 Super
1852 5906 2090 6007 Benedicite]

1424 6056 1522 6133 Tres
1539 6060 1643 6157 pueri
1664 6060 1700 6132 in
1719 6060 1904 6131 caminum
1924 6060 2079 6156 conjecti

1424 6183 1552 6258 Verbo
1570 6185 1740 6283 cogentis
1758 6186 1857 6284 regis
1876 6186 1990 6281 iniqui

1420 6312 1615 6385 Canebant
1634 6310 1811 6407 hymnum
1830 6311 1982 6385 domino
1999 6311 2088 6409 regi.
