5580 7372
1282 698 1508 751 onnrroxas.
1546 664 1550 671 ¹

700 1049 766 1123 nn
792 1072 1033 1124 urrunnun.

393 1049 490 1148 [38]

448 1221 508 1292 Tu
552 1245 603 1308 eS,
651 1219 825 1305 Domine,
871 1216 1095 1292 illuminator
1133 1214 1344 1315 caliginum,

395 1345 637 1441 conditorque
685 1342 966 1428 elementorum,
1011 1341 1186 1415 remissor
1228 1342 1347 1415 crimi-

397 1496 508 1556 num,
539 1468 791 1543 misericordia
817 1487 892 1555 tua,
923 1467 1098 1553 Domine,
1127 1493 1264 1567 magna
1289 1484 1348 1541 est

398 1619 509 1693 super
551 1621 617 1669 eos
660 1595 722 1691 qui
768 1612 805 1668 te
853 1609 933 1667 toto
984 1593 1096 1666 corde
1146 1593 1346 1689 requirunt.

399 1722 582 1819 Majestas
614 1739 686 1807 tua,
724 1720 898 1806 Domine,
930 1744 1040 1792 mane
1069 1744 1137 1792 nos
1162 1718 1346 1804 exaudiat,

399 1866 436 1921 et
466 1844 589 1920 deleat
618 1845 753 1919 delicta
784 1863 912 1919 nostra
940 1869 1025 1940 quae
1056 1843 1123 1917 tibi
1154 1869 1228 1916 non
1263 1862 1351 1918 sunt

392 1972 535 2060 abdita,
557 1972 633 2068 Qui
651 1996 796 2071 regnas,
816 1972 884 2044 &c

649 2223 746 2295 um
776 2244 828 2294 no
859 2243 1098 2294 nmrunuxu.

398 2222 495 2321 [sn]

451 2392 513 2465 Tu
531 2417 571 2465 es
590 2416 677 2488 spes
694 2406 733 2465 et
751 2389 862 2464 salus.
915 2389 977 2462 Tu
996 2415 1036 2461 es
1054 2389 1132 2460 vita
1157 2405 1196 2461 et
1222 2387 1348 2462 virtus

401 2517 463 2591 Tu
498 2543 539 2590 es
573 2516 722 2614 adjutor
761 2516 798 2589 in
842 2512 1152 2589 tribulationibus.
1206 2514 1268 2586 Tu
1311 2539 1351 2587 es

401 2644 576 2719 defensor
600 2643 806 2716 animarum
836 2660 1056 2728 nostrarum,
1088 2642 1196 2715 Deus
1225 2639 1350 2725 Israel,

403 2770 440 2842 in
458 2768 641 2855 omnibus,
665 2768 740 2864 Qui
760 2794 905 2867 regnas,
926 2767 994 2842 &c

400 3017 496 3116 [40.]
573 3018 726 3091 Onnrro
753 3039 954 3090 conuunts
982 3038 1173 3089 rnnrnuu.

451 3179 583 3279 [Ant]
637 3181 698 3253 Ne
734 3179 946 3253 memineris
990 3178 1224 3275 iniquitatum
1269 3204 1353 3252 nos-

401 3321 539 3379 trarum
590 3307 850 3402 antiquarum3
901 3305 976 3379 cito
1027 3305 1232 3402 anticipent
1284 3330 1352 3378 nos

402 3433 663 3506 misericordiae
682 3451 765 3518 tuae,
789 3431 877 3527 quia
902 3456 1085 3528 pauperes
1112 3431 1198 3504 sacti
1224 3456 1352 3504 sumus

403 3559 521 3632 nimis

453 3709 635 3808 [Oratio]
697 3709 849 3807 Adjuva
892 3733 972 3795 nos,
1026 3708 1132 3782 Deus
1183 3707 1353 3782 salutaris

402 3855 537 3923 noster,
550 3852 703 3934 propter
711 3834 868 3935 gloriam
881 3835 1041 3908 nominis
1055 3835 1117 3908 tui.
1175 3835 1350 3922 Domine,

402 3963 517 4036 libera
544 3989 621 4048 nos
650 3981 688 4036 et
714 3962 895 4059 propitius
922 3977 1003 4034 esto
1030 3962 1352 4057 peccatisnostris

401 4106 553 4186 propter
595 4113 731 4161 nomen
775 4106 890 4160 tuum.
945 4087 1007 4161 Ne
1052 4087 1175 4161 tradas
1223 4087 1352 4162 bestiis

400 4215 560 4288 animam
579 4212 819 4288 confitentem
838 4212 914 4286 tibi.
968 4212 1126 4285 Animas
1147 4239 1351 4309 pauperum

401 4358 547 4412 tuorum
567 4364 613 4411 ne
631 4337 859 4410 obliviscaris
886 4337 923 4409 in
948 4337 1072 4410 finem.
1128 4338 1287 4435 Respice
1314 4339 1351 4411 in

403 4481 665 4539 testamentum
705 4481 819 4552 tuum,
865 4463 1039 4550 Domine,
1075 4462 1170 4560 [Qui
1206 4489 1350 4563 regnas

401 4591 489 4690 &c.]

400 4793 500 4891 [Fol
532 4793 628 4896 20v·]

404 4933 524 5035 [40*·]

449 5106 583 5204 [Ant]
637 5108 752 5193 DeuS,
768 5109 804 5180 in
815 5107 1038 5204 adjutorium
1051 5133 1174 5179 meum
1187 5106 1348 5182 intende.

404 5233 577 5319 Domine,
597 5234 644 5306 ad
663 5234 914 5331 adjuvandum
935 5260 994 5307 me
1008 5233 1150 5306 festina

631 4935 730 5037 [Pno
757 4961 934 5015 peccans
960 4933 1147 5035 nosnos]

451 5382 632 5482 [Oratio]
684 5384 848 5469 Festina,
883 5383 1057 5470 Domine,
1095 5382 1252 5456 liberare
1283 5408 1350 5456 nos

401 5536 448 5583 ex
479 5510 650 5583 omnibus
680 5511 841 5607 peccatis
884 5511 1031 5596 nostris,
1072 5508 1167 5608 [Qui
1203 5535 1346 5609 regnas

400 5634 488 5732 &c.]

699 5885 780 5958 Pno
808 5908 1035 5960 nxrmznns

399 5882 496 5982 [cu-l

449 6046 506 6146 [A
511 6047 581 6146 nt]
608 6045 763 6121 Salvum
778 6048 833 6121 sac
852 6046 1029 6145 populum
1044 6066 1159 6135 tuum,
1177 6048 1351 6136 Domine,

398 6194 437 6246 et
472 6173 626 6248 benedic
661 6173 856 6248 hereditati
890 6191 986 6259 tuae;
1022 6191 1060 6247 et
1092 6201 1180 6274 rege
1215 6200 1280 6249 eos
1315 6162 1372 6250 et¹

398 6298 535 6383 extolle
552 6299 633 6373 illos
650 6326 768 6396 usque
787 6301 823 6373 in
842 6298 1028 6375 saeculum.

1494 899 1678 998 [Oratio]
1742 900 1935 990 Miserere,
2007 899 2183 986 Domine,
2237 897 2404 974 ecclesiae

1447 1045 1520 1100 tuae
1538 1026 1740 1114 catholicae,
1760 1053 1872 1124 quam
1891 1026 2079 1100 redemisti
2109 1027 2145 1099 in
2180 1044 2245 1100 tuo
2276 1046 2405 1100 sancto

1447 1153 1638 1251 sanguine,
1661 1152 1737 1249 Qui
1756 1178 1901 1251 regnas,
1922 1156 1992 1228 &c

1449 1411 1569 1513 [nt]

1497 1589 1630 1690 [Ant]
1684 1592 1868 1691 Exsurge,
1879 1590 2099 1678 Domine,in
2113 1588 2278 1687 requiem
2293 1608 2404 1675 tuam,

1449 1735 1490 1791 tu
1506 1735 1544 1790 et
1562 1744 1647 1790 arca
1664 1718 1965 1792 sanctificationis
1984 1735 2067 1793 tuae.
2129 1774 2131 1779 .

1499 1844 1723 1918 Sacerdotes
1750 1844 1802 1918 tui
1829 1845 2030 1918 induentur
2049 1842 2203 1941 justitia,
2224 1859 2262 1916 et
2288 1843 2404 1916 sancti

1450 1969 1501 2043 tui
1519 1966 1735 2067 [exultent]

1718 1412 1817 1515 [Pno
1845 1410 2154 1514 sncanoormus]

1499 2118 1681 2218 [Oratio]
1735 2120 1928 2195 Laetentur
1955 2121 2057 2206 inte,
2079 2119 2254 2207 Domine,
2275 2145 2406 2194 omnes

1451 2245 1567 2319 sancti
1595 2246 1657 2332 tui,
1678 2246 1742 2342 qui
1765 2264 1915 2343 sperant
1943 2246 1980 2319 in
2004 2264 2042 2321 te
2062 2246 2097 2319 in
2115 2246 2217 2318 omni
2235 2247 2403 2321 veritate.

1450 2369 1544 2470 [Qui
1564 2395 1707 2470 regnas,
1727 2370 1815 2469 &c.]

1795 2621 1876 2696 Pno
1900 2645 2059 2696 anama.

1451 2614 1549 2714 [42]

1500 2766 1613 2865 [Ant.
1631 2768 1672 2868 i.]
1725 2770 1912 2845 Dominus
1930 2790 2126 2847 conservet
2144 2799 2241 2856 eum,
2257 2791 2294 2847 et
2312 2772 2405 2846 vivi-

1451 2895 1536 2969 ficet
1554 2923 1648 2982 eum,
1669 2912 1708 2971 et
1725 2897 1875 2971 beatum
1894 2896 2003 2972 faciat
2021 2925 2105 2972 eum
2125 2899 2161 2971 in
2181 2917 2287 2973 terra.

1499 3046 1613 3144 [Ant.
1633 3047 1687 3145 ii]
1739 3049 1925 3122 Dominus
1952 3051 2137 3124 custodiat
2164 3068 2201 3124 te
2227 3051 2276 3123 ab
2301 3053 2404 3125 omni

1451 3173 1569 3260 malo;
1597 3174 1780 3248 custodiat
1798 3176 1959 3249 animam
1978 3194 2078 3249 tuam
2101 3177 2296 3250 Dominus.

1499 3322 1611 3420 [Ant.
1634 3323 1701 3421 iii]
1755 3324 1941 3398 Dominus
1984 3327 2169 3400 custodiat
2214 3328 2403 3402 introitum

1450 3469 1564 3536 tuum,
1585 3468 1623 3525 et
1640 3452 1781 3523 exitum
1800 3467 1915 3537 tuum,
1935 3477 1984 3525 ex
2002 3452 2082 3538 hoc,
2104 3479 2210 3539 nunc,
2231 3472 2269 3528 et
2286 3480 2405 3551 usque

1451 3577 1488 3648 in
1506 3574 1696 3650 saeculum.

1682 3821 1781 3920 [43.]
1808 3820 1907 3923 [Pno
1936 3821 2175 3924 exaramus]

1497 3972 1631 4071 [Ana]
1681 3974 1839 4049 Custodi
1867 4000 1944 4061 nos,
1968 3974 2141 4061 Domine,
2161 3994 2203 4050 ut
2228 3974 2404 4074 pupillam

1450 4098 1555 4183 oculi,
1592 4097 1661 4170 sub
1704 4099 1836 4172 umbra
1879 4099 2019 4173 alarum
2063 4119 2208 4173 tuarum
2248 4122 2404 4202 protege

1450 4249 1529 4298 nos.

1498 4373 1682 4473 [Oratio]
1734 4375 1937 4475 Protegere
1972 4395 2010 4451 et
2053 4376 2284 4452 sanctificare
2323 4380 2404 4480 dig·

1450 4501 1548 4574 neris
1565 4500 1747 4589 omnibus
1768 4502 2005 4599 omnipotens
2026 4502 2142 4589 DeuS,
2163 4503 2238 4598 Qui
2257 4529 2402 4603 regnas

1448 4628 1517 4700 &c
1533 4641 1535 4645 '

1721 4848 1802 4924 Pno
1829 4872 2132 4927 rnnrsnmmra

1448 4846 1545 4946 [44]

1496 5018 1630 5118 [Ant]
1681 5020 1753 5107 Tu,
1777 5022 1952 5109 Domine,
1981 5025 2149 5098 servabis
2171 5051 2250 5113 noS,
2269 5045 2307 5100 et
2325 5053 2406 5101 cus·

1449 5147 1568 5220 todies
1587 5172 1655 5220 nos
1673 5173 1695 5219 a
1712 5149 1956 5246 generatione
1975 5149 2044 5223 hac
2062 5167 2100 5223 et
2119 5152 2156 5223 in
2170 5168 2361 5227 aeternum.

1496 5296 1679 5396 [Oratio]
1734 5299 1882 5373 Exaudi
1895 5301 2082 5374 orationes
2097 5320 2242 5376 nostras
2253 5330 2321 5401 pro
2335 5304 2406 5378 sra-

1448 5425 1565 5499 tribus
1592 5426 1737 5513 nostris,
1766 5443 1807 5500 ut
1826 5424 1897 5498 illis
1935 5427 2042 5500 Deus
2061 5428 2281 5516 miserearis,
2309 5429 2405 5528 [Qui

1447 5577 1591 5651 regnas,
1612 5549 1701 5648 &c.]
1795 5574 1797 5578 “

1446 5749 1496 5847 [F
1501 5746 1549 5822 ol.
1571 5745 1661 5848 21r.]

1448 5899 1545 5999 [45]
1590 5899 1669 5972 PRO
1696 5920 1788 5971 Pacu
1816 5921 2045 5975 POPULORUM
2072 5923 2119 5974 ΕΤ
2147 5921 2290 5976 Ruouu.

1497 6044 1631 6146 [Ant]
1684 6044 1871 6121 Dominus
1919 6047 2094 6121 virtutem
2147 6047 2286 6144 populo
2337 6078 2406 6128 suo

1450 6175 1576 6264 dabit;
1624 6178 1812 6253 Dominus
1851 6177 2048 6251 benedicet
2090 6179 2229 6276 populo
2264 6207 2333 6255 suo
2368 6183 2405 6256 in

1450 6327 1552 6398 pace.
