5580 7372
1068 732 1301 785 BENEDICTIO
1328 732 1451 785 TRIUM
1481 732 1699 784 PUERORUM.
2372 737 2395 805 9

392 931 493 1030 [Fol.
539 930 618 1029 on]
662 935 719 1026 58.
768 931 985 1007 Benedicite
1027 932 1152 1032 angeli
1194 933 1347 1006 Domini

396 1058 624 1133 Dominum:
655 1058 834 1156 hymnum
861 1059 983 1145 dicite,
1011 1077 1049 1133 et
1075 1059 1349 1156 superexaltate

394 1210 479 1258 eum
498 1184 534 1257 in
553 1183 698 1258 saecula.

445 1316 504 1385 60.
536 1309 752 1383 Benedicite
783 1336 890 1407 aquae
925 1335 1056 1383 omnes
1091 1311 1203 1406 super
1232 1309 1347 1384 coelos

397 1435 624 1510 Dominum:
655 1434 833 1532 hymnum
859 1436 981 1522 dicite,
1010 1454 1047 1509 et
1073 1436 1346 1533 superexaltate

393 1587 479 1635 eum
498 1561 535 1634 in
554 1559 698 1635 saecula.

445 1693 503 1761 61.
552 1687 768 1761 Benedicite
804 1712 935 1761 omnes
973 1688 1150 1783 potentiae
1191 1687 1345 1761 Domini

397 1812 619 1887 Dominum:
654 1813 834 1909 hymnum
857 1813 981 1901 dicite,
1007 1831 1045 1887 et
1072 1812 1345 1910 superexaltate

393 1965 479 2013 eum
499 1938 699 2013 insaecula.

445 2071 504 2140 62.
552 2065 770 2141 Benedicite
804 2063 859 2138 sol
902 2079 941 2138 et
983 2063 1071 2137 luna
1116 2065 1345 2139 Dominum:

394 2190 574 2288 hymnum
618 2191 739 2278 dicite,
776 2209 814 2264 et
851 2190 1126 2287 superexaltate
1169 2217 1255 2264 eum
1307 2192 1344 2263 in

394 2316 538 2390 saecula

444 2449 503 2537 63.
535 2443 751 2517 Benedicite
777 2441 893 2517 stellae
920 2442 1003 2515 coeli
1030 2442 1183 2516 Domini
1214 2434 1344 2517 Domi-

394 2595 505 2642 num:
531 2568 711 2666 hymnum
723 2569 844 2654 dicite,
859 2586 896 2642 et
915 2566 1189 2665 superexaltate
1203 2597 1288 2643 eum
1307 2571 1343 2642 in

394 2694 538 2769 saecula

445 2828 504 2913 64.
540 2819 756 2894 Benedicite
792 2821 911 2893 imber
945 2838 983 2894 et
1018 2845 1079 2893 ros
1116 2819 1343 2894 Dominum:

394 2946 573 3043 hymnum
609 2946 730 3032 dicite,
776 2965 815 3021 et
858 2945 1134 3043 superexaltate
1177 2971 1263 3020 eum
1307 2947 1343 3019 in

394 3072 538 3147 saecula.

444 3205 502 3293 65.
536 3198 750 3272 Benedicite
776 3223 907 3272 omnes
934 3199 1084 3294 spiritus
1117 3199 1344 3274 Dominum:

394 3324 575 3421 hymnum
610 3324 732 3411 dicite,
777 3342 815 3396 et
858 3323 1134 3421 superexaltate
1177 3351 1262 3398 eum
1307 3327 1342 3398 in

393 3450 537 3524 saecula.
706 3431 711 3446 ⁸

445 3583 502 3652 66.
540 3576 755 3651 Benedicite
785 3577 882 3676 ignis
912 3594 950 3650 et
980 3574 1080 3650 calor
1113 3576 1343 3650 Dominum:

393 3703 575 3799 hymnum
612 3702 735 3789 dicite,
779 3720 817 3776 et
860 3701 1134 3798 superexaltate
1176 3729 1261 3776 eum
1305 3704 1342 3776 in

393 3827 539 3903 saecula.

445 3974 504 4047 71.
535 3953 749 4027 Benedicite
777 3971 905 4026 noctes
934 3968 973 4026 et
1001 3952 1082 4026 dies
1115 3954 1343 4028 Dominum:

396 4079 576 4176 hymnum
611 4079 733 4165 dicite,
778 4099 816 4153 et
859 4078 1133 4176 superexaltate
1175 4107 1262 4154 eum
1307 4081 1343 4153 in

393 4204 538 4279 saecula.

447 4351 503 4424 72.
535 4331 752 4404 Benedicite
783 4331 948 4404 tenebrae
979 4346 1017 4403 et
1051 4329 1175 4405 lumen
1213 4331 1343 4406 Domi-

395 4481 482 4528 num
499 4483 506 4529 :
524 4456 705 4554 hymnum
716 4456 838 4542 dicite,
851 4475 889 4530 et
902 4455 1180 4554 superexaltate
1200 4485 1286 4531 eum
1306 4459 1343 4531 in

393 4580 537 4656 saecula.
1022 4588 1024 4592 ‘

444 4716 502 4802 67.
535 4708 751 4782 Benedicite
770 4708 886 4808 frigus
910 4727 948 4783 et
974 4726 1085 4782 aestas
1115 4709 1342 4783 Dominum:

394 4834 574 4932 hymnum
609 4834 731 4920 dicite,
774 4850 814 4908 et
856 4834 1133 4932 superexaltate
1175 4862 1261 4909 eum
1305 4837 1341 4909 in

393 4960 537 5035 saecula.

445 5106 502 5179 70.
535 5085 751 5159 Benedicite
769 5085 901 5182 pruina
918 5102 955 5158 et
980 5086 1087 5158 nives
1115 5085 1343 5162 Dominum:

393 5211 573 5308 hymnum
608 5211 730 5297 dicite,
776 5229 814 5285 et
858 5211 1133 5309 superexaltate
1176 5238 1262 5285 eum
1306 5212 1341 5285 in

392 5336 536 5412 saecula

445 5485 500 5557 73.
533 5463 749 5536 Benedicite
769 5461 914 5562 fulgura
931 5482 968 5536 et
981 5463 1098 5536 nubes
1115 5463 1343 5538 Dominum:

393 5588 572 5685 hymnum
609 5589 730 5674 dicite,
774 5606 813 5662 et
859 5587 1134 5686 superexaltate
1177 5615 1262 5662 eum
1306 5592 1342 5663 in

392 5714 537 5789 saecula.

444 5861 501 5934 74.
544 5841 745 5915 Benedicat
777 5859 875 5914 terra
905 5839 1132 5914 Dominum:
1164 5841 1342 5938 hymnum

392 5966 501 6053 dieat,
520 5985 558 6040 et
576 5966 829 6064 superexaltet
848 5992 933 6039 eum
953 5967 989 6039 in
1008 5965 1152 6041 saecula.

446 6114 501 6187 75.
534 6093 750 6166 Benedicite
768 6109 915 6166 montes
934 6110 972 6165 et
985 6091 1099 6165 colles
1115 6092 1344 6165 Dominum:

392 6219 573 6315 hymnum
607 6218 730 6304 dicite,
774 6236 813 6292 et
857 6216 1133 6314 superexaltate
1177 6243 1262 6291 eum
1307 6218 1342 6289 in

392 6342 536 6418 saecula

1497 938 1553 1026 76.
1611 930 1827 1005 Benedicite
1870 932 1995 1006 omnia
2046 935 2237 1008 nascentia
2287 951 2395 1007 terrae

1447 1057 1676 1133 Dominum:
1703 1057 1882 1155 hymnum
1909 1059 2031 1146 dicite,
2059 1077 2097 1134 et
2118 1058 2395 1158 superexaltate

1444 1209 1529 1257 eum
1549 1184 1586 1257 in
1605 1183 1750 1258 saecula.

1442 1308 1542 1407 [Fol.
1578 1309 1655 1407 9v.]
1684 1314 1741 1404 78.
1772 1309 1988 1384 Benedicite
2022 1312 2138 1385 maria
2170 1329 2209 1385 et
2244 1311 2396 1384 flumina

1446 1435 1673 1510 Dominum:
1708 1434 1887 1533 hymnum
1906 1435 2028 1523 dicite,
2056 1456 2094 1511 et
2121 1435 2395 1534 superexaltate

1443 1587 1528 1634 eum
1548 1563 1584 1634 in
1603 1561 1748 1635 saecula.

1495 1707 1552 1781 77.
1584 1688 1799 1762 Benedicite
1819 1687 1941 1761 sontes
1959 1713 2138 1784 aquarum
2165 1687 2392 1761 Dominum:

1441 1813 1620 1910 hymnum
1655 1814 1777 1900 dicite,
1821 1833 1859 1887 et
1902 1813 2180 1910 superexaltate
2223 1839 2307 1886 eum
2355 1815 2390 1887 in

1442 1940 1587 2013 saecula.

1494 2084 1551 2156 79.
1583 2065 1799 2138 Benedicite
1855 2064 1984 2151 beluae,
2042 2082 2081 2139 et
2132 2065 2256 2138 omnia
2307 2090 2390 2161 quae

1441 2209 1640 2263 moventur
1657 2190 1693 2263 in
1711 2191 1817 2286 aquis
1835 2189 2055 2263 Dominum:
2074 2190 2253 2287 hymnum
2267 2190 2390 2278 dicite,

1441 2331 1479 2388 et
1499 2314 1773 2412 superexaltate
1791 2342 1876 2389 eum
1896 2316 1933 2388 in
1951 2314 2095 2389 saecula.

1492 2443 1550 2514 80.
1583 2442 1799 2515 Benedicite
1817 2468 1948 2515 omnes
1972 2441 2142 2515 volucres
2160 2441 2239 2515 caeli
2261 2442 2391 2516 Domi-

1442 2593 1556 2641 num:
1591 2568 1771 2663 hymnum
1797 2568 1919 2654 dicite,
1940 2584 1978 2641 et
2004 2567 2281 2665 superexaltate
2306 2594 2390 2642 eum

1442 2692 1641 2767 insaecula

1492 2823 1551 2894 81.
1583 2820 1799 2894 Benedicite
1829 2820 1960 2893 bestiae
1991 2837 2029 2893 et
2055 2821 2226 2917 jumenta
2259 2819 2392 2893 Domi·

1442 2970 1555 3020 num:
1591 2945 1771 3043 hymnum
1798 2946 1919 3032 dicite,
1941 2964 1979 3020 et
2004 2945 2278 3043 superexaltate
2304 2972 2389 3019 eum

1442 3070 1479 3143 in
1497 3070 1641 3146 saecula.

1493 3200 1553 3291 83.
1583 3197 1799 3271 Benedicite
1825 3197 2002 3271 Israelitae
2031 3197 2259 3273 Dominum:
2285 3199 2391 3296 hym-

1442 3348 1530 3395 num
1548 3322 1670 3410 dicite,
1690 3341 1727 3397 et
1745 3322 2020 3420 superexaltate
2038 3350 2123 3397 eum
2142 3325 2179 3397 in
2198 3324 2341 3402 saecula.

1492 3451 1551 3523 82.
1595 3448 1811 3523 Benedicite
1842 3448 1905 3522 filii
1936 3448 2127 3523 hominum
2162 3450 2389 3524 Dominum:

1443 3573 1624 3671 hymnum
1659 3575 1781 3660 dicite,
1826 3593 1864 3648 et
1908 3574 2180 3673 superexaltate
2224 3603 2309 3650 eum
2353 3577 2389 3649 in

1442 3694 1585 3772 saecula.

1492 3829 1551 3918 84.
1582 3826 1799 3899 Benedicite
1830 3827 2042 3900 sacerdotes
2076 3825 2230 3900 Domini
2260 3827 2392 3902 Domi-

1441 3978 1529 4026 num
1547 3981 1555 4026 :
1578 3951 1758 4048 hymnum
1770 3952 1892 4042 dicite,
1908 3970 1945 4024 et
1957 3951 2230 4049 superexaltate
2248 3980 2334 4028 eum
2354 3955 2390 4026 in

1442 4078 1586 4153 saecula.

1492 4207 1550 4299 85.
1593 4203 1808 4278 Benedicite
1839 4202 1937 4276 servi
1972 4203 2126 4276 Domini
2160 4204 2391 4279 Dominum:

1442 4333 1623 4429 hymnum
1658 4330 1780 4415 dicite,
1825 4347 1864 4403 et
1907 4329 2181 4427 superexaltate
2223 4358 2308 4406 eum
2353 4333 2389 4404 in

1441 4456 1585 4530 saecula.

1493 4586 1550 4656 86.
1582 4580 1798 4655 Benedicite
1816 4581 1966 4676 spiritus
1984 4600 2022 4654 et
2048 4582 2181 4655 animae
2203 4583 2389 4679 justorum

1444 4709 1671 4781 Dominum:
1698 4707 1876 4802 hymnum
1904 4707 2026 4794 dicite,
2051 4725 2090 4781 et
2115 4706 2390 4805 superexaltate

1440 4861 1527 4909 eum
1545 4835 1582 4906 in
1600 4832 1744 4906 saecula.

1491 4964 1549 5052 87.
1598 4957 1815 5033 Benedicite
1858 4959 1974 5032 sancti
2014 4976 2052 5032 et
2087 4957 2245 5034 humiles
2278 4961 2390 5034 corde

1443 5086 1671 5158 Dominum:
1703 5083 1882 5179 hymnum
1900 5084 2022 5171 dicite,
2048 5102 2086 5157 et
2117 5085 2391 5181 superexaltate

1441 5238 1526 5285 eum
1545 5213 1581 5284 in
1601 5208 1744 5283 saecula.

1491 5339 1549 5412 88.
1590 5335 1815 5422 Benedicite,
1854 5335 2012 5419 Ananim
2051 5337 2197 5423 Azaria
2242 5337 2387 5424 Misael,

1443 5464 1670 5537 Dominum:
1707 5461 1886 5559 hymnum
1904 5461 2025 5546 dicite,
2054 5479 2092 5534 et
2118 5462 2392 5558 superexaltate

1441 5615 1525 5663 eum
1546 5589 1582 5660 in
1601 5584 1744 5660 saecula

1491 5717 1549 5806 89.
1582 5711 1852 5785 Benedicamus
1891 5711 2049 5795 Patrem,
2085 5728 2123 5784 et
2162 5710 2307 5798 Filium,
2352 5731 2389 5786 et

1443 5840 1622 5936 Spiritum
1679 5838 1869 5922 Sanctum,
1925 5836 2153 5910 Dominum:
2210 5837 2389 5934 hymnum

1442 5967 1618 6049 dicamus
1639 5981 1676 6037 et
1694 5960 2012 6060 superexaltemus
2029 5989 2114 6036 eum
2134 5963 2171 6035 in
2190 5962 2332 6037 saecula.
