5580 7372
387 725 438 805 32
695 721 837 776 ORATIO
865 719 936 771 PRO
961 714 1130 769 ABBATE:
1164 711 1215 762 AD
1242 707 1390 760 Bonas:
1429 709 1519 763 POST
1547 713 1748 765 LAUDATE:
1788 709 1839 762 DE
1866 707 2118 760 MARTYRIBUS.

445 925 627 1030 [Oratio]
683 924 848 1009 Festina,
886 918 1061 1003 Domine,
1095 915 1253 989 liberare
1282 939 1351 987 nos

396 1084 443 1132 ex
478 1054 651 1129 omnibus
682 1050 845 1149 peccatis
880 1045 1032 1131 nostris,
1077 1041 1173 1142 [Qui
1205 1065 1350 1139 regnas,

394 1181 486 1281 dcc]

397 1409 519 1510 [118]
571 1407 725 1483 Onnrto
752 1426 823 1479 nno
850 1424 993 1474 assare
1021 1412 1178 1472 nosrno.

443 1561 561 1660 [Ant.
593 1558 633 1658 i.]
705 1555 892 1631 Dominus
941 1568 1139 1625 conservet
1176 1565 1278 1630 eum,
1312 1562 1354 1618 et

401 1687 564 1762 vivificet
582 1710 677 1770 eum,
698 1701 735 1758 et
749 1684 899 1755 beatum
918 1679 1027 1752 faciat
1045 1701 1130 1750 eum
1150 1675 1187 1746 in
1206 1691 1312 1747 terra.

444 1837 563 1937 {And
585 1834 639 1934 ii]
693 1833 881 1907 Dominus
907 1828 1091 1902 custodiat
1115 1849 1151 1900 te
1178 1825 1225 1898 ab
1251 1821 1353 1897 omni

402 1963 529 2049 malo;
581 1961 765 2035 custodiat
811 1959 972 2030 animam
1014 1972 1115 2028 tuam
1156 1949 1351 2031 Dominus,

453 2114 565 2213 [Ant.
588 2111 654 2210 iii.]
709 2109 896 2183 Dominus
939 2104 1123 2178 custodiat
1164 2102 1352 2175 introitum

403 2260 518 2325 tuum,
539 2258 577 2313 et
597 2239 736 2311 exitum
756 2253 870 2319 tuum,
891 2260 937 2307 ex
956 2231 1037 2317 hoc,
1059 2250 1166 2314 nunc,
1181 2246 1219 2302 et
1232 2245 1355 2323 'usque

406 2369 442 2440 in
464 2365 651 2440 saeculum.

664 2615 839 2688 Counou
865 2633 981 2685 onon
1008 2626 1099 2682 nuu.

407 2616 527 2716 [119]

457 2766 588 2867 [Ant]
640 2764 798 2840 Custodi
818 2788 895 2849 noS,
920 2759 1094 2844 Domine,
1114 2771 1156 2832 u't
1181 2751 1356 2855 pupillam

406 2893 512 2979 oculi,
534 2893 603 2966 sub
621 2892 751 2966 umbra
770 2888 910 2963 alarum
930 2904 1074 2961 tuarum
1093 2901 1249 2982 protege
1271 2900 1355 2956 nos.

457 3041 638 3143 [Oratio]
693 3043 894 3138 Protegere
906 3056 943 3112 et
955 3035 1183 3110 sanctificare
1195 3033 1360 3133 digneris

406 3168 509 3270 [nos]
527 3196 667 3255 ornnes,
692 3167 929 3264 omnipotens
956 3163 1073 3247 DeuS,
1095 3159 1188 3259 [Qui
1213 3176 1360 3257 regnas,

408 3297 495 3395 &c.]

462 3424 572 3496 Pater
590 3439 724 3504 noster,
744 3420 811 3491 &c

412 3600 509 3702 [Fol.
533 3598 632 3698 tro]

409 3750 529 3853 [120]

463 3904 578 3987 Deus,
602 3902 707 3975 Deus
727 3916 864 3986 noster,
886 3901 933 3973 ad
961 3917 998 3974 te
1025 3900 1073 3975 de
1099 3894 1180 3974 luce
1208 3892 1362 4000 vigilare

411 4030 601 4114 debemus,
634 4046 671 4102 et
703 4046 741 4101 tu
773 4027 894 4100 excita
924 4027 972 4100 de
1006 4020 1112 4126 'gravi
1145 4053 1287 4113 somno,
1325 4036 1363 4101 e‘t

410 4155 526 4229 libera
539 4154 586 4228 de
601 4179 735 4250 sopore
753 4153 895 4225 animas
910 4171 1065 4238 nostras,
1076 4168 1122 4226 'ut
1134 4152 1169 4225 in
1182 4144 1363 4226 cubilibus

412 4280 547 4355 nostris
575 4305 877 4377 compungamur,
904 4295 942 4352 et
972 4268 1024 4353 tui
1056 4304 1139 4353 esse
1180 4293 1364 4352 memores

415 4431 633 4493 mereamur,
653 4405 728 4499 Qui
748 4423 892 4504 regnas,
913 4406 981 4478 &o

714 3750 780 3823 Ar>
807 3764 1049 3823 urrunnun.

416 4724 536 4828 [ιη]
690 4727 755 4800 An
782 4749 916 4800 nonan
944 4750 1091 4801 nonan.

469 4878 758 4965 Convenientes,
786 4879 916 4953 fratres
945 4878 1181 4966 dilectissimi,
1213 4880 1259 4953 ad
1288 4906 1367 4954 ora·-

420 5006 559 5080 tionem
579 5031 725 5092 nonam,
747 5005 783 5077 in
802 5030 876 5101 quo
891 5021 1058 5103 tempore
1072 5005 1166 5080 latro
1177 5005 1369 5080 confessus

422 5151 489 5220 est,
520 5152 558 5207 et
585 5159 741 5232 regnum
768 5132 927 5230 paradisi
956 5131 1148 5230 pollicetur
1177 5122 1223 5222 ei,
1253 5133 1366 5211 itaet

425 5287 502 5345 nos,
537 5259 710 5344 Domine,
741 5257 961 5332 confitemur
988 5277 1139 5356 peccata
1169 5278 1301 5346 nostra,
1332 5280 1372 5335 ut

425 5411 581 5485 regnum
625 5383 800 5458 coelorum
844 5401 1124 5482 consequamur,
1169 5403 1207 5459 et
1257 5386 1370 5460 vitam

427 5531 604 5585 aeternam
623 5537 842 5598 mereamur,
864 5510 938 5605 Qui
958 5529 1102 5610 regnas,
1125 5512 1191 5584 &c

430 5731 527 5833 [1⁵01.
550 5729 648 5833 3512]

431 5882 548 5984 [122]

486 6035 661 6122 Domine,
682 6053 810 6110 sancte
838 6036 957 6121 Pater,
979 6037 1215 6133 omnipotens
1238 6054 1379 6113 'aeterne

435 6161 551 6240 Deus,
598 6163 660 6258 qui
705 6162 804 6236 diem
861 6161 1049 6250 clarificas,
1081 6181 1118 6237 et
1163 6163 1199 6235 in
1243 6161 1379 6238 lumine

433 6286 601 6370 luminas,
637 6288 925 6363 misericordiam
969 6308 1081 6374 tuam,
1124 6288 1298 6376 Domine,
1332 6314 1380 6365 ne

755 5885 820 5958 An
848 5907 1063 5959 sscuuonu.

1445 915 1590 990 auferas
1620 942 1643 988 a
1671 914 1801 1000 nobis;
1828 913 1943 987 redde
1975 910 2083 985 nobis
2104 907 2270 983 laetitiam
2300 904 2380 980 salu

1448 1042 1536 1116 taris
1554 1040 1616 1127 tui,
1638 1057 1676 1114 et
1701 1041 1833 1138 spiritu
1850 1036 2041 1136 principali
2060 1035 2238 1111 confirma
2257 1061 2335 1117 nos,
2355 1052 2395 1107 ut

1446 1169 1585 1241 oriatur
1602 1166 1729 1241 lucifer
1747 1167 1784 1240 in
1802 1165 1976 1240 cordibus
1995 1163 2139 1250 nostris
2160 1187 2228 1260 per
2245 1180 2292 1247 te,
2305 1162 2396 1259 Jesu

1449 1294 1608 1380 Christe,
1629 1290 1704 1389 Qui
1723 1317 1868 1392 regnas,
1889 1293 1957 1368 &o

1451 1685 1568 1791 [ιη]
1601 1684 1701 1761 Posr
1728 1708 1903 1760 ununnru
1931 1706 2043 1758 nuum
2071 1703 2255 1755 nournuu
2284 1702 2324 1752 ut

1776 1833 1963 1885 nonuuco
1990 1833 2066 1882 urs.

1501 1990 1560 2062 Te
1582 1989 1728 2062 Patrem
1748 1987 1945 2060 adoramus
1964 2003 2154 2058 aeternum.

1501 2116 1560 2188 Te
1579 2115 1845 2211 sempiternum
1867 2111 2002 2185 Filium
2022 2110 2247 2182 invocamus.

1503 2241 1636 2336 Teque
1663 2240 1843 2337 Spiritum
1876 2237 2054 2311 Sanctum
2092 2235 2128 2307 in
2163 2259 2238 2305 una
2267 2230 2399 2303 divini-

1451 2368 1538 2441 tatis
1556 2366 1764 2439 substantia
1781 2382 1995 2437 manentem
2014 2360 2243 2434 confitemur.

1501 2493 1590 2565 Tibi
1617 2492 1679 2564 uni
1710 2491 1795 2563 Deo
1827 2490 1863 2562 in
1891 2488 2076 2562 Trinitate
2101 2486 2247 2560 debitas
2274 2482 2402 2556 laudes

1453 2637 1490 2693 et
1525 2618 1665 2716 gratias
1694 2616 1900 2708 referimus,
1929 2632 1971 2688 ut
1999 2633 2036 2688 te
2069 2610 2278 2686 incessabili
2309 2635 2401 2683 voce

1453 2743 1602 2817 laudare
1656 2767 1873 2828 mereamur,
1941 2766 2008 2838 per
2067 2757 2208 2812 aeterna
2268 2732 2403 2808 saecula

1455 2867 1683 2944 saeculorum.

1760 3210 1824 3292 Da
1851 3241 2101 3292 nnnrvnrsus.

1458 3212 1577 3320 [124]

1507 3396 1635 3470 Sancti
1654 3414 1692 3470 et
1709 3394 1872 3495 gloriosi,
1887 3394 2073 3469 mirabiles
2091 3414 2203 3492 atque
2221 3413 2406 3492 potentes,

1458 3539 1649 3619 martyres
1712 3540 1869 3618 quorum
1932 3523 1969 3594 in
2029 3521 2204 3619 operibus
2266 3521 2407 3620 gaudet

1459 3649 1657 3734 Dominus,
1714 3666 1752 3722 et
1808 3649 1843 3720 in
1899 3648 2190 3747 congregatione
2250 3645 2405 3731 laetatur,

1459 3776 1722 3849 intercessores
1765 3775 1905 3870 optimi,
1950 3788 1987 3847 et
2030 3773 2220 3848 fortissimi
2264 3791 2408 3870 protec-

1460 3920 1570 3989 tores,
1591 3918 1819 3974 mementote
1842 3899 1957 3974 nostri
1976 3917 2125 3996 semper
2151 3900 2187 3972 in
2207 3918 2408 3996 conspectu

1462 4027 1627 4111 Domini,
1648 4044 1689 4100 ut
1713 4026 1866 4100 Domini
1891 4043 2100 4099 mereamur
2129 4024 2311 4110 auxilium,
2333 4025 2408 4120 Qui

1464 4171 1608 4252 regnas,
1628 4153 1697 4226 &c

1462 4603 1580 4705 [125.]
1696 4593 1797 4678 lusu
1836 4617 1926 4678 Acin
1955 4623 2045 4680 poss
2071 4628 2256 4679 Lauunra.

1516 4784 1574 4856 Te
1596 4783 1743 4855 Patrem
1761 4781 1959 4855 adoramus
1977 4799 2167 4856 aetemu'rn.

1516 4908 1574 4980 Te
1592 4907 1859 5003 sempiternum
1881 4907 2016 4980 Filium
2035 4909 2260 4981 invocamus

1517 5034 1650 5129 Teque
1675 5032 1855 5129 Spiritum
1887 5034 2067 5107 Sanctum
2106 5034 2142 5106 in
2171 5055 2245 5106 una
2281 5032 2415 5106 divini-

1466 5159 1552 5232 tatis
1570 5154 1778 5231 substantia
1796 5175 2008 5233 manentem
2027 5159 2256 5233 confitemur.

1519 5285 1607 5357 Tibi
1627 5284 1803 5357 Trinitati
1821 5282 1949 5358 laudes
1968 5303 2005 5359 et
2023 5286 2163 5383 gratias
2182 5285 2383 5358 referimus.

1521 5409 1611 5483 Tibi
1630 5411 1692 5483 uni
1715 5411 1801 5483 Deo
1820 5409 2076 5484 incessabilem
2089 5411 2245 5483 dicimus
2257 5409 2414 5484 laudem.

1521 5537 1580 5610 Te
1602 5536 1748 5610 Patrem
1769 5535 1985 5634 ingenitum,

1523 5663 1582 5735 Te
1603 5661 1739 5735 Filium
1757 5662 2001 5760 unigenitum,

1523 5787 1582 5861 Te
1614 5787 1794 5884 Spiritum
1831 5788 2008 5861 Sanctum
2045 5813 2068 5860 a
2105 5787 2215 5861 Patre
2246 5805 2284 5861 et
2321 5787 2419 5860 Filio

1471 5913 1734 6009 procedentem
1753 5913 1864 5985 corde
1879 5913 2076 5986 credimus.

1522 6039 1609 6112 Tibi
1633 6039 1889 6124 inaestimabili,
1911 6038 2282 6137 incomprehensibili,
2303 6039 2421 6112 omni„

1475 6181 1609 6262 potens
1655 6166 1771 6251 Deus,
1814 6167 1954 6264 gratias
1989 6167 2144 6265 agimus,
2191 6165 2266 6260 Qui
2285 6190 2421 6263 regnas

1476 6292 1512 6363 in
1531 6290 1674 6376 saecula,
1694 6293 1762 6366 &o
