5580 7372
922 747 1083 801 HYMNUS
1110 751 1246 802 SANCTI
1275 754 1439 804 PATRICII
1467 754 1648 806 MAGISTRI
1675 755 1888 809 SCOTORUM.

392 942 493 1041 [Fol.
519 944 614 1048 14v.]

544 1073 581 1146 A
599 1099 676 1170 quo
694 1094 909 1151 constanter
926 1104 1010 1152 cum
1029 1084 1177 1158 mundis

548 1200 764 1274 Possidetur
783 1204 935 1291 actibus,

544 1326 667 1421 Quam
687 1345 725 1402 et
740 1328 900 1404 hostiam
919 1332 1126 1429 placentem

542 1451 678 1526 Vivam
697 1454 805 1528 offert
826 1457 1001 1533 Domino

464 1703 510 1776 xi.
543 1704 765 1803 Lumenque
783 1707 913 1781 mundi
931 1735 1127 1787 accensum

544 1830 683 1930 lngens
701 1833 969 1931 evangelicum,

547 1955 590 2027 ln
608 1955 832 2032 candelabro
850 1958 1024 2050 levatum,

542 2081 643 2154 Toto
662 2080 811 2180 fulgens
829 2084 974 2174 saeculo,

541 2205 685 2280 Civitas
703 2209 803 2307 regis
821 2212 963 2287 munita

541 2332 665 2430 Supra
683 2353 849 2409 montem
867 2340 998 2435 posita,

540 2456 659 2555 Copia
679 2459 714 2531 in
733 2480 884 2556 quaest
902 2463 1025 2551 multa,

541 2584 665 2679 Quam
687 2586 873 2660 Dominus
890 2593 1068 2686 possidet.

450 2837 512 2910 xii.
544 2837 735 2910 Maximus
754 2865 916 2937 namque
934 2843 971 2915 in
990 2871 1106 2943 regno

541 2960 732 3037 Coelorum
751 2967 946 3042 vocabitur

538 3087 613 3181 Qui
632 3090 733 3186 quod
752 3092 877 3167 verbis
895 3094 1005 3170 docet
1023 3101 1136 3174 sacris

540 3214 666 3289 Factis
683 3217 862 3316 adimplet
880 3221 988 3296 bonis
1005 3252 1012 3307 ;

543 3341 651 3415 Bono
669 3344 845 3439 praecedit
863 3349 1037 3446 exemplo

541 3467 792 3566 Formamque
810 3470 987 3562 fidelium,

542 3593 763 3690 Mundoque
782 3597 819 3668 in
838 3599 950 3673 corde
968 3600 1081 3677 habet

537 3719 601 3792 Ad
623 3720 748 3793 Deum
767 3722 948 3800 fiduciam.

438 3967 511 4040 xiii.
543 3965 693 4040 Nomen
715 3969 869 4043 Domini
887 3973 1068 4047 audenter

536 4091 750 4167 Annunciat
767 4097 952 4194 gentibus,

540 4217 687 4312 Quibus
704 4219 840 4293 lavacri
859 4223 989 4297 salutis

538 4342 738 4417 AEternam
757 4347 823 4420 dat
842 4351 1011 4446 gratiam,

541 4469 613 4542 Pro
630 4495 787 4566 quorum
805 4492 887 4546 orat
905 4475 1049 4550 delictis

537 4595 600 4667 Ad
622 4595 746 4670 Deum
765 4601 941 4695 quotidie,

539 4720 611 4794 Pro
630 4723 764 4818 quibus
783 4742 822 4797 ut
844 4725 930 4799 Deo
948 4727 1081 4827 dignas

538 4846 784 4945 immolatque
803 4849 952 4926 hostias.

426 5097 500 5168 xiv.
531 5096 696 5169 Omnem
714 5121 783 5193 pro
801 5097 928 5173 divina
945 5099 1029 5197 lege

541 5220 676 5294 Mundi
696 5224 839 5318 spernit
855 5223 1023 5322 gloriam,

537 5347 612 5442 Qui
631 5367 764 5420 cuncta
783 5349 831 5421 ad
848 5351 953 5446 cujus
970 5377 1136 5426 mensam

535 5474 717 5547 AEstimat
735 5475 942 5571 quisquilia,

534 5599 569 5672 N
575 5626 617 5674 ec
637 5601 821 5697 ingruenti
840 5618 1012 5676 movetur

533 5725 667 5799 Mundi
687 5726 795 5824 hujus
814 5726 975 5815 fulmine,

533 5851 611 5925 Sed
631 5852 667 5924 in
685 5853 853 5927 adversis
871 5853 1017 5927 laetatur

532 5977 628 6051 Cum
646 6003 715 6074 pro
734 5976 886 6052 Christo
904 5980 1050 6076 patitur.

441 6244 501 6290 xv.
534 6217 665 6308 Pastor
681 6216 802 6290 bonus
820 6237 858 6292 et
876 6218 995 6294 fidelis

529 6342 667 6443 Gregis
681 6344 897 6443 evangelici,

1597 958 1722 1052 Quem
1744 957 1849 1032 Deus
1870 957 1945 1030 Dei
1962 956 2076 1056 elegit

1596 1083 1795 1158 Custodire
1814 1083 2002 1181 populum,

1596 1210 1786 1306 Suamque
1805 1234 1958 1306 pascere
1975 1207 2123 1305 plebem
2175 1218 2180 1227 ’

1597 1336 1747 1410 Divinis
1765 1336 2012 1434 dogmatibus

1594 1464 1666 1535 Pro
1683 1488 1758 1559 qua
1776 1462 1824 1535 ad
1843 1461 1982 1535 Christi
2000 1459 2213 1558 exemplum

1592 1590 1708 1663 Suam
1728 1589 1841 1663 tradit
1858 1589 2032 1661 animam.

1488 1865 1561 1937 xvi.
1592 1864 1715 1958 Quem
1734 1888 1802 1960 pro
1821 1861 1961 1935 meritis
1978 1861 2153 1936 Salvator

1593 1990 1773 2063 Provexit
1792 1987 2018 2085 pontificem,

1593 2115 1649 2189 Ut
1668 2117 1704 2188 in
1723 2113 1865 2188 coelesti
1885 2133 2054 2189 moneret

1591 2240 1757 2315 Clericos
1772 2239 1911 2327 militia,

1592 2367 1795 2442 Coelestem
1813 2367 1949 2463 quibus
1965 2393 2153 2440 annonam

1593 2495 1737 2591 Erogat
1754 2518 1837 2567 cum
1858 2491 2036 2580 vestibus

1591 2619 1706 2714 Quod
1721 2620 1757 2691 in
1776 2619 1913 2693 divinis
1931 2617 2103 2715 impletur

1592 2745 1791 2842 Sacrisque
1809 2744 1990 2818 affatibus.

1478 3025 1566 3099 xvii.
1598 3024 1715 3122 Regis
1734 3022 1886 3096 nuntius
1905 3022 2066 3094 invitans

1590 3150 1799 3224 Credentes
1816 3148 1864 3221 ad
1883 3148 2041 3244 nuptias,

1437 3275 1536 3375 [Fol
1564 3274 1659 3373 1572]

1593 3402 1669 3498 Qui
1686 3415 1841 3474 ornatur
1857 3398 2083 3472 vestimento

1593 3527 1765 3625 Nuptiali
1785 3524 1944 3605 indutus,

1596 3655 1671 3750 Qui
1689 3652 1841 3726 coeleste
1860 3649 1981 3724 haurit
2000 3650 2127 3722 vinum

1592 3782 1636 3853 ln
1655 3780 1756 3852 vasis
1773 3776 1997 3863 coelestibus,

1591 3906 1841 4002 Propinatque
1862 3902 1934 3975 Dei
1953 3901 2101 3998 plebem

1588 4029 1762 4129 Spiritale
1780 4026 1963 4126 poculum.

1452 4294 1553 4368 xviii.
1583 4295 1738 4368 Sacrum
1758 4293 1900 4366 invenit
1918 4291 2131 4365 thesaurum

1590 4420 1706 4494 Sacro
1725 4420 1761 4492 in
1780 4416 1977 4501 volumine,

1589 4543 1870 4640 Salvatorisque
1888 4543 1925 4615 in
1943 4568 2054 4615 carne

1589 4672 1780 4744 Deitatem
1799 4668 1978 4766 pervidet,

1589 4797 1713 4892 Quem
1733 4795 1947 4869 thesaurum
1965 4793 2056 4866 emit
2073 4791 2211 4864 sanctis

1588 4922 1840 5018 Persectisque
1857 4918 2007 5004 meritis,

1587 5046 1701 5121 lsrael
1719 5064 1874 5120 vocatur
1891 5043 2001 5143 hujus

1583 5174 1722 5247 Anima
1740 5173 1873 5246 videns
1894 5172 2030 5245 Deum.

1480 5466 1555 5542 xix.
1585 5467 1712 5540 Testis
1733 5467 1887 5541 Domini
1906 5466 2025 5541 fidelis

1585 5594 1627 5667 ln
1647 5595 1729 5693 lege
1747 5593 1937 5682 catholica,

1583 5720 1699 5818 Cujus
1717 5721 1832 5795 verba
1850 5738 1937 5795 sunt
1956 5722 2092 5794 divinis

1582 5847 1744 5921 Condita
1761 5846 1927 5933 oraculis,

1582 5976 1643 6049 Ne
1663 5973 1834 6046 humanae
1849 5988 2020 6068 putreant
2037 5993 2167 6041 carnes

1584 6100 1746 6194 Esaeque
1763 6122 1786 6169 a
1804 6094 2001 6178 vermibus

1578 6224 1657 6299 Sed
1674 6222 1814 6296 coelesti
1833 6220 2010 6294 saliantur

1575 6353 1719 6448 Sapore
1734 6349 1784 6422 ad
1802 6348 1999 6421 victimam.
