5580 7372
347 1271 561 1347 Excunsrs’
603 1295 705 1346 nuru
750 1272 965 1345 Arrnunnn
1009 1271 1218 1359 Anninus,
1264 1295 1363 1347 vra:

341 1549 421 1600 11111)
464 1547 565 1601 roure
611 1525 720 1598 Irusu
764 1543 894 1596 rnxrs

611 1822 670 1882 IV.
1305 1825 1336 1883 V.

529 2001 624 2054 Stowe
635 1998 747 2053 Missal.

348 2072 429 2127 lrish
467 2073 558 2142 Royal
573 2071 644 2124 lrish
657 2070 812 2139 Academy‚
826 2067 940 2123 Dublin

530 2143 765 2280 Nirthgghltury.

1192 2002 1271 2056 Book
1282 2002 1318 2072 ιγ’
1328 1999 1448 2070 Hymos.

1110 2071 1191 2126 lrish
1228 2073 1304 2126 Trin.
1319 2073 1399 2132 Coll.
1413 2069 1527 2124 Dublin.

1172 2144 1231 2196 Fol.
1252 2158 1277 2211 9,
1288 2161 1334 2213 pp.
1359 2142 1467 2207 17881.

1175 2214 1314 2268 Eleventh
1329 2214 1460 2282 Century.

1018 2395 1039 2435 1.
1059 2380 1157 2435 Gloria
1170 2379 1197 2435 in
1210 2379 1328 2435 excelsis
1340 2380 1404 2434 deo.

1013 2492 1037 2531 2.
1057 2487 1085 2531 et
1098 2476 1125 2530 in
1139 2489 1213 2531 terra
1225 2495 1280 2547 pax

1057 2547 1218 2603 horninibus
1231 2550 1323 2602 bonae
1335 2547 1494 2602 uoluntatis

1013 2658 1037 2711 3
1059 2644 1219 2698 Laudamus
1232 2655 1267 2698 te.

1012 2755 1037 2805 4
1057 2738 1249 2794 benedicimus
1262 2750 1299 2794 te

1016 2848 1038 2904 5.
1058 2836 1209 2890 adoramus
1222 2846 1258 2889 te

1014 2932 1039 2985 6.
1058 2931 1248 3001 glorificamus
1260 2941 1297 2985 te.

1058 3002 1272 3071 magnificamus
1284 3013 1320 3057 te.

1012 3110 1036 3162 7.
1057 3097 1170 3152 Gratias
1181 3097 1292 3167 agimus
1305 3096 1365 3152 tibi.

1015 3193 1040 3247 8.
1059 3204 1173 3263 propter
1214 3211 1349 3263 magnam
1388 3193 1610 3249 misericordiam

341 2397 362 2436 1.
381 2380 479 2437 Gloria
492 2379 520 2434 in
532 2378 650 2435 excelsis
663 2380 725 2433 deo.

337 2493 360 2532 2.
380 2488 408 2531 et
421 2478 449 2530 in
462 2487 536 2530 terra
549 2493 602 2544 pax

379 2546 542 2602 hominibus
555 2548 646 2601 bonae
658 2543 817 2599 uoluntatis

338 2660 361 2714 3.
381 2645 529 2699 laudamus
542 2654 577 2697 te.

336 2757 360 2803 4
379 2739 572 2795 benedicimus
585 2749 620 2793 te.

338 2850 359 2906 5.
378 2837 530 2891 adoramus
544 2846 579 2889 te.

336 2934 361 2987 6.
380 2932 569 3001 glorificamus
582 2941 617 2984 te.

379 3003 594 3072 magnificamus
607 3012 642 3056 te.

338 3112 362 3164 7.
381 3099 487 3169 gratias
499 3098 610 3168 agimus
622 3096 680 3152 tibi.

338 3197 362 3250 8.
382 3214 433 3266 pro
446 3213 580 3265 magnam
598 3192 835 3249 missericordiam
848 3205 931 3247 tuam

1100 3275 1184 3318 tuam.

1012 3374 1037 3427 ᾳ
1056 3359 1171 3413 domine
1184 3376 1238 3413 rex.

1000 3472 1039 3511 1ο.
1059 3456 1180 3511 celestis.

999 3567 1039 3607 11.
1058 3553 1129 3607 deus
1141 3564 1221 3622 pater
1232 3551 1418 3622 omnipotens

1001 3663 1040 3703 12.
1061 3648 1184 3702 Domine
1196 3648 1234 3701 fili
1247 3645 1307 3718 [filii
1322 3645 1425 3718 L11.*]
1437 3647 1587 3718 unigenite.

334 3378 358 3431 ᾳ
378 3362 493 3418 domine
505 3380 561 3416 rex.

318 3475 356 3515 ια
376 3460 514 3516 coelestis

320 3571 358 3610 11.
378 3558 448 3612 deus
461 3568 542 3627 pater
553 3554 738 3625 omnipotens.

323 3669 361 3709 12.
380 3653 495 3709 domine
508 3652 555 3707 filii
568 3652 614 3706 dei
627 3650 771 3721 unigeniti.

320 3765 358 3818 13
378 3750 459 3805 ihesu
472 3749 584 3803 christe.

320 3862 358 3912 14
378 3857 475 3900 sancte
488 3845 601 3916 spiritus
614 3844 667 3898 dei

377 3929 406 3971 et
419 3934 518 3971 omnes
530 3915 657 3969 dicimus.
693 3916 794 3968 Arnen

319 4027 357 4083 15
377 4014 498 4068 domine

319 4111 356 4165 16.
377 4110 425 4164 filii
437 4109 482 4163 dei
496 4107 591 4179 patris

318 4220 356 4272 17.
375 4223 449 4276 agne
461 4205 516 4260 dei.

323 4303 361 4356 18.
375 4303 422 4372 qui
435 4302 510 4357 tollis
523 4309 670 4371 peccatum
682 4298 788 4352 mundi.

319 4413 358 4466 19.
377 4398 524 4453 misserere
537 4395 626 4451 nobis

315 4511 357 4550 20.
991 4501 1033 4541 20.

315 4607 358 4646 21.
989 4597 1032 4636 21.

319 4702 359 4742 22.
381 4685 491 4755 suscipe
504 4683 645 4738 orationes
658 4693 769 4737 nostras
787 4680 834 4751 qui
853 4681 929 4735 sedis
995 4691 1035 4732 2².
1055 4677 1174 4749 Suscipe
1208 4677 1365 4732 orationem
1401 4688 1527 4733 nostram
1559 4679 1606 4750 qui

423 4758 460 4810 ad
491 4757 635 4810 dexteram
664 4754 710 4808 dei
740 4752 828 4822 patn's
863 4751 929 4806 mis·
1100 4750 1183 4803 sedes
1199 4749 1236 4802 ad
1257 4749 1401 4802 dexteram
1426 4747 1482 4818 [dei
1505 4748 1606 4820 1115]

422 4845 515 4883 serere
527 4826 617 4880 nobis.
1099 4822 1187 4891 patris
1200 4820 1333 4874 miserere
1346 4819 1428 4874 nobis
1440 4821 1562 4875 domine

999 3759 1037 3812 ¹3·
1057 3743 1137 3797 ihesu
1149 3743 1261 3798 christe.

997 3854 1036 3905 14
1056 3851 1153 3893 sancte
1166 3838 1279 3909 spiritus
1291 3838 1345 3893 dei.

1056 3921 1085 3964 et
1097 3927 1196 3964 omnes
1208 3910 1336 3964 dicimus.
1373 3911 1474 3965 Amen.

994 4020 1033 4076 15.
1055 4006 1186 4061 Domine.

996 4103 1036 4157 16.
1055 4103 1093 4156 fili
1106 4100 1166 4173 [filii
1181 4100 1283 4173 1.11.*]
1299 4101 1344 4156 dei
1358 4101 1452 4173 patris

995 4212 1034 4264 17.
1053 4216 1128 4268 agne
1140 4198 1194 4253 dei.

997 4295 1035 4348 18.
1055 4294 1102 4365 qui
1116 4294 1190 4349 tollis
1202 4306 1320 4365 peccata
1332 4294 1438 4349 mundi.

996 4405 1034 4458 19.
1054 4390 1187 4446 miserere
1199 4390 1289 4445 nobis.

991 5356 1032 5410 ²3·
1052 5340 1194 5409 Quoniam
1206 5352 1236 5395 tu
1249 5341 1325 5396 solus
1337 5352 1459 5396 sanctus

987 5452 1028 5503 24
1048 5448 1078 5491 tu
1091 5437 1167 5490 solus
1179 5437 1317 5491 dominus.

1048 5519 1078 5562 tu
1091 5509 1167 5562 solus
1179 5509 1325 5578 gloriosus

317 5368 358 5421 24
377 5350 511 5422 quoniam
523 5359 554 5404 tu
566 5347 642 5401 solus
655 5356 777 5400 sanctus.

312 5463 353 5514 24
372 5453 412 5502 tu¹
425 5446 501 5499 solus
513 5442 662 5497 110111111113.ι

367 5529 397 5572 tu
410 5517 486 5571 solus
498 5513 644 5584 gloriosus.

312 5626 354 5683 25.
987 5618 1028 5674 25.

314 5711 354 5765 26.
374 5727 438 5764 cum
451 5705 549 5776 spiritu
562 5716 669 5758 sancto.
986 5703 1027 5754 26.
1047 5718 1111 5754 cum
1124 5700 1222 5771 spiritu
1234 5711 1340 5754 sancto.

374 5781 403 5834 in
415 5777 505 5849 gloria
516 5776 562 5830 dei
575 5774 671 5846 patris
1046 5771 1075 5825 in
1088 5772 1177 5841 gloria
1189 5771 1234 5826 dei
1248 5772 1343 5841 patris.
1379 5773 1480 5825 Amen

372 5853 472 5941 Amen.

415 6372 450 6408 ¹-¹
468 6365 590 6421 Written
602 6362 691 6432 twice,
703 6363 741 6432 by
752 6361 890 6417 accident

1985 1824 2035 1884 VI.

1899 2003 1992 2057 Lebor
2001 2003 2093 2056 Brecc.

1699 2070 1780 2126 lrish
1818 2073 1909 2141 Royal
1924 2073 1995 2127 lrish
2007 2073 2161 2142 Academy,
2176 2071 2291 2126 Dublin

1863 2161 1889 2214 p.
1903 2141 1986 2214 [1361.
1999 2144 2055 2199 2nd
2068 2145 2120 2198 col.

1835 2215 2007 2270 Fourteenth
2021 2216 2152 2283 Century.

1692 2395 1713 2434 1.
1733 2380 1831 2435 Gloria
1843 2381 1872 2435 in
1884 2381 2001 2436 excelsis
2013 2382 2076 2436 deo

1689 2493 1712 2532 2.
1732 2488 1760 2531 et
1773 2477 1800 2530 in
1814 2488 1888 2531 terra
1901 2495 1956 2547 pax

1732 2548 1873 2602 ominibus
1886 2549 1959 2601 bone
1972 2547 2124 2602 uoluntatis
2137 2558 2190 2602 tue

1689 2660 1713 2713 3
1733 2646 1881 2699 laudamus
1893 2656 1929 2700 te.

1689 2756 1713 2807 4
1732 2740 1925 2795 benedicimus
1938 2752 1973 2796 te.

1692 2851 1714 2907 5.
1733 2838 1884 2892 adoramus
1897 2849 1933 2893 te.

1689 2935 1715 2988 6.
1734 2933 1925 3003 glorificamus
1938 2945 1974 2989 te.

1690 3113 1714 3165 7.
1735 3111 1841 3169 gratias
1853 3099 1963 3170 agimus
1976 3099 2034 3155 tibi.

1690 3197 1714 3250 8.
1734 3207 1848 3266 propter
1859 3213 1993 3265 magnam
2006 3195 2125 3265 gloriam
2138 3207 2223 3250 tuam.

1688 3377 1714 3430 9.
1733 3362 1848 3417 domine
1860 3363 1931 3417 deus
1943 3379 1998 3417 reu

1673 3473 1713 3512 ιο.
1733 3457 1853 3512 celestis.

1674 3569 1712 3607 11.
1732 3554 1802 3607 deus
1815 3565 1895 3623 pater
1906 3553 2092 3623 omnipotens.

1674 3664 1712 3702 12.
1732 3650 1846 3704 domine
1859 3650 1896 3703 lili
1909 3650 2060 3720 unigenite.

1675 3760 1713 3813 13
1734 3745 1814 3801 ihesu
1826 3744 1937 3800 christe.

1674 3856 1714 3908 14

1675 4022 1713 4078 ¹5

1673 4108 1712 4161 16.

1671 4215 1710 4268 17.

1671 4299 1710 4352 18.
1729 4296 1776 4368 qui
1790 4297 1864 4352 tollis
1876 4308 1993 4368 peccata
2005 4297 2110 4351 mundi.

1671 4410 1710 4461 19.
1729 4395 1862 4449 miserere
1875 4394 1964 4449 nobis

1668 4505 1710 4544 20.

1667 4601 1709 4640 21.

1668 4697 1710 4736 22.
1729 4681 1776 4753 qui
1802 4680 1876 4735 tollis
1900 4693 2018 4750 peccata
2041 4682 2138 4735 mundi
2169 4683 2280 4752 suscipe

1772 4755 2000 4822 deprecationem
2008 4765 2133 4806 nostram
2141 4753 2187 4822 qui
2197 4756 2279 4806 sedes

1772 4823 2000 4948 adb'dexterenri
2031 4824 2118 4894 patris
2149 4824 2279 4878 miserere

1772 4912 1810 4948 no
1831 4912 1882 4964 isa

1663 5359 1704 5412 23.
1723 5342 1857 5414 quoniam
1869 5352 1899 5396 tu
1912 5343 1989 5396 solus
2001 5354 2121 5398 sanctus

1661 5454 1702 5507 24
1722 5451 1752 5493 tu
1765 5439 1840 5492 solus
1852 5438 1991 5493 dominus.

1722 5521 1753 5564 tu
1765 5510 1841 5564 solus
1853 5508 1999 5564 altisimus

1660 5621 1674 5659 2
1679 5618 1701 5674 5.
1720 5604 1800 5659 ihesu
1813 5605 1924 5659 christe.

1661 5702 1702 5755 26.
1722 5717 1785 5754 cum
1799 5712 1877 5769 patre
1891 5700 1987 5770 spiritu
2001 5713 2106 5756 sancto.

1722 5771 1749 5824 in
1763 5771 1852 5841 gloria
1864 5771 1909 5825 dei
1923 5771 2016 5840 patris.
2053 5774 2152 5828 Amen.
