5580 7372
1221 715 1513 768 coccuerrouas.
2353 706 2398 774 25

716 1071 816 1143 Post
843 1093 1024 1143 uvuuuu.

393 1071 489 1172 ns]

444 1224 528 1295 Lux
546 1238 628 1296 orta
645 1241 702 1294 est
722 1221 758 1293 in
776 1220 857 1294 luce
876 1221 1004 1317 prima,
1025 1221 1179 1294 exordio
1199 1220 1343 1293 dierum

391 1351 545 1446 antiquo
569 1348 674 1433 sacta,
705 1347 935 1444 Unigenitus
961 1364 1057 1432 tuus,
1081 1347 1255 1435 Domine,
1282 1347 1345 1443 qui

392 1495 520 1550 nostra
553 1473 703 1548 abluere
739 1475 842 1547 venit
881 1500 948 1571 per
990 1500 1137 1547 crucem
1181 1492 1342 1570 peccata,

393 1603 468 1698 Qui
489 1620 610 1676 tecum
629 1601 732 1687 vivit,
753 1601 820 1673 &c

695 1873 757 1945 Du
788 1893 1040 1944 sinnavatssus

393 1875 490 1974 [87]

444 2022 742 2122 Triumphalium
762 2047 945 2095 memores
964 2039 1166 2118 martyrum
1185 2040 1342 2109 tuorum,

393 2153 456 2250 qui
474 2177 542 2249 pro
561 2169 598 2224 te
616 2147 821 2223 toleravere
849 2146 985 2222 vexilla
1009 2148 1234 2244 passionum,
1263 2176 1345 2246 pre·

393 2303 528 2361 camur,
543 2294 583 2349 ut
598 2301 665 2373 per
677 2298 805 2348 sancta
818 2275 950 2348 merita
962 2275 1123 2370 ipsorum
1137 2291 1345 2348 nostrorum

394 2405 543 2478 veniam
570 2418 778 2474 mereamur
803 2417 1049 2497 peccatorum,
1086 2399 1161 2494 Qui
1197 2417 1342 2498 regnas,

394 2531 461 2602 &e

394 2751 494 2852 [1³01.
518 2750 618 2849 26v.]

393 2899 489 3004 vu

450 3080 560 3155 Plebs
582 3075 695 3152 lsrael
715 3078 749 3150 in
778 3076 935 3176 figuram
964 3069 1079 3151 nostri
1108 3067 1284 3152 liberatur
1312 3079 1349 3151 in

395 3210 553 3284 transitu
579 3197 712 3292 maris;
741 3229 818 3289 nos,
848 3230 948 3302 ergo
978 3206 1230 3304 pergratiam
1261 3205 1349 3302 bap

397 3335 495 3409 tismi
514 3334 630 3407 libera
648 3351 687 3406 tu
705 3331 754 3404 ab
784 3321 908 3404 exitiis
939 3320 1077 3417 mundi,
1108 3331 1183 3425 Qui
1203 3347 1346 3430 regnas,

398 3462 465 3534 &c

666 2887 718 3001 ἦ(
746 2901 845 2973 Post
871 2915 1085 2974 chunanus

695 3733 793 3805 Post
809 3742 1049 3803 enxemena

402 3732 495 3837 [89]

453 3887 508 3962 Ut
526 3904 602 3959 tres
619 3910 754 3981 pueros
773 3879 809 3954 in
829 3880 978 3954 flamma
996 3872 1146 3955 salvasti
1168 3881 1350 3956 descensu

401 4016 437 4088 in
473 4014 660 4087 fornacem
697 4006 857 4082 coelestis
900 4009 1027 4095 nuntii,
1075 4000 1128 4081 sie
1172 4034 1241 4082 nos
1285 4036 1353 4107 per

400 4137 573 4240 angelum
605 4136 730 4235 magni
759 4131 900 4208 consilii
928 4132 1084 4207 liberare
1112 4134 1277 4233 digneris
1304 4135 1352 4208 ab

402 4267 488 4360 igne
507 4262 649 4349 inferni,
680 4261 755 4355 Qui
774 4285 918 4359 regnas,
939 4260 1006 4332 &e

404 4586 497 4691 [90]
575 4587 675 4660 Post
701 4597 878 4658 naubare
906 4583 1103 4658 Douruuu
1131 4607 1182 4657 na

814 4732 941 4784 emus.

507 4866 623 4949 Deus,
643 4884 754 4959 quem
773 4861 956 4934 exercitus
973 4861 1072 4934 canit
1089 4859 1279 4952 coelorum,

505 4991 705 5084 Quemque
726 4984 896 5060 Ecclesia
911 4985 1037 5059 laudat
1056 5005 1277 5072 sanctorum,

506 5117 630 5210 Quem
650 5113 838 5210 hymnizat
856 5113 1005 5209 spiritus
1023 5113 1290 5200 universorum,

507 5241 699 5324 Miserere,
719 5238 884 5323 obsecro
905 5238 1069 5311 omnium
1090 5257 1308 5324 nostrorum,

506 5367 581 5461 Qui
601 5390 735 5462 regnas
755 5361 961 5464 [insaecula
975 5361 1220 5464 saeculorum]

654 5663 707 5766 ᾖ
726 5665 854 5740 Suana
881 5688 1097 5739 CANTEMUs.

408 5666 502 5771 [91]

457 5822 662 5896 Cantemus
673 5818 751 5896 tibi,
769 5817 931 5890 Domine
942 5806 1180 5904 exercituum,
1196 5818 1354 5904 Christe,

405 5966 554 6023 orantes
578 5964 619 6017 ut
646 5942 959 6040 quemadmodum
984 5943 1154 6016 exemisti
1182 5942 1357 6018 dilectum

406 6071 583 6172 populum
603 6089 706 6144 tuum
725 6067 950 6165 captivitatis
963 6070 1149 6142 acerrimae
1163 6070 1268 6168 jugo,
1289 6070 1359 6145 iter

406 6202 686 6274 demonstrante
714 6195 769 6268 eis
796 6194 904 6267 nubis
931 6194 1101 6268 columna
1130 6192 1227 6295 [Fol.
1256 6196 1355 6297 27r.]

407 6353 473 6425 per
498 6325 608 6409 diem,
637 6321 769 6395 eadem
795 6320 892 6417 ignis
918 6345 1067 6416 quoque
1093 6346 1160 6417 per
1187 6340 1356 6397 noctem:

1449 913 1622 986 Finditur
1664 938 1756 1011 ergo
1802 938 1904 985 mare
1948 911 2104 984 dextera
2149 908 2318 1004 laevaque
2363 907 2398 979 in

1446 1039 1644 1136 abruptum
1659 1068 1666 1125 ;
1693 1038 1850 1137 digestis
1881 1036 2081 1136 aggeribus
2112 1053 2267 1132 stupens
2298 1033 2399 1107 unda

1445 1164 1645 1250 solidatur;
1697 1183 1782 1237 tuus
1836 1163 1994 1260 populus
2048 1162 2200 1259 navigat
2251 1159 2397 1257 plantis.

1449 1290 1548 1362 Mira
1577 1290 1655 1362 res!
1684 1290 1753 1363 iter
1782 1290 1863 1386 ejus
1895 1315 1963 1363 nec
1992 1314 2107 1385 eques
2138 1304 2262 1384 potest
2292 1286 2396 1382 sequi

1444 1441 1513 1489 nec
1535 1416 1633 1489 ratis
1692 1416 1815 1489 Maria
1838 1434 2055 1512 tympanum
2083 1414 2211 1510 quatit,
2236 1411 2399 1508 hymnus

1445 1542 1515 1614 iste
1533 1543 1684 1623 canitur,
1704 1557 1798 1640 grex
1816 1540 1981 1638 petulius
2000 1558 2133 1614 tuetur.
2192 1539 2250 1612 lta
2267 1556 2305 1611 et
2330 1563 2398 1611 nos

1443 1667 1491 1739 ab
1522 1668 1766 1741 insectatione
1796 1668 1934 1740 veteris
1963 1657 2112 1750 inimici,
2145 1683 2183 1738 et
2213 1664 2261 1737 ab
2296 1664 2398 1735 omni

1445 1792 1608 1888 periculo
1643 1793 1771 1865 mundi
1812 1785 1969 1866 liberare
2010 1791 2186 1890 digneris,
2226 1789 2399 1865 Salvator

1445 1918 1583 2004 mundi,
1610 1918 1793 2012 Quicum
1815 1932 1955 1992 aeterno
1982 1919 2090 1992 Patre
2116 1917 2223 2000 vivis,
2254 1915 2398 1989 domin·

1443 2044 1527 2128 aris,
1543 2071 1585 2117 ac
1600 2070 1743 2142 regnas,
1760 2060 1927 2117 unacum
1941 2061 2082 2118 aeterno
2101 2043 2240 2141 Spiritu
2258 2041 2397 2116 Sancto

1445 2168 1482 2241 in
1501 2186 1635 2243 saecuta
1653 2167 1880 2244 saeculorum.

1445 2417 1543 2520 [oz]
1646 2414 1775 2494 surm
1807 2432 2121 2495 nnvubrcriouau
2149 2443 2272 2494 bruun

1809 2559 2026 2621 Puhnonuu.

1447 2659 1547 2767 [Fol.
1570 2671 1670 2768 27v.]

1499 2797 1595 2869 Tres
1634 2785 1790 2871 Hebraei
1825 2797 2059 2872 venerabiles
2086 2822 2249 2882 numero,
2279 2821 2397 2868 sacra·

1449 2932 1576 2989 mento
1595 2916 1737 2999 muniti,
1753 2924 1864 2989 aetate
1883 2917 2010 3001 teneri,
2026 2916 2093 2989 sed
2111 2914 2197 2987 fidei
2211 2913 2397 2987 soliditate

1449 3038 1600 3125 robusti,
1620 3067 1746 3115 amore
1764 3041 1900 3114 divinae
1922 3041 2111 3140 religionis
2129 3041 2228 3139 regis
2245 3039 2399 3111 adorare

1449 3164 1649 3263 imaginem
1675 3184 1988 3263 contempserunt,
2019 3185 2150 3263 utpote
2176 3165 2239 3262 qui
2279 3165 2398 3261 ipsum

1450 3307 1750 3387 contempserant
1782 3318 1920 3390 regem,
1941 3293 2004 3390 qui
2037 3293 2090 3365 ira
2108 3291 2276 3364 sufflatus
2290 3290 2400 3364 solito

1449 3416 1588 3510 septies
1622 3415 1782 3513 amplius
1817 3419 2002 3491 caminum
2033 3419 2145 3515 jussit
2172 3417 2328 3501 incendi,
2357 3442 2400 3488 ac

1450 3544 1532 3638 pice
1574 3561 1612 3616 et
1646 3561 1783 3640 stuppa
1825 3561 2006 3618 armatum
2051 3545 2153 3618 citari
2189 3543 2399 3616 incendium

1449 3666 1696 3742 aestuant'ibus
1755 3667 1888 3767 globis.
1987 3669 2185 3742 Erubescit
2250 3693 2400 3765 quoque

1449 3794 1571 3890 ipsum
1600 3793 1730 3867 alienis
1754 3795 1903 3894 ignibus
1933 3793 2080 3869 coelum.
2138 3793 2206 3867 lllo
2236 3794 2400 3890 praecipi-

1449 3938 1576 3992 tantur
1600 3921 1776 4008 insontes,
1797 3921 2009 4018 ibidemque
2034 3942 2081 4006 te,
2111 3938 2263 4018 propter
2288 3945 2399 4017 quem

1448 4046 1735 4143 praecipitantur,
1782 4048 1984 4132 inveniunt,
2031 4046 2190 4121 Christe.
2258 4045 2401 4119 Taliter

1452 4196 1520 4242 nos
1548 4188 1587 4244 et
1614 4197 1660 4244 ex
1691 4172 1839 4267 tyranni
1863 4170 2120 4245 intellectualis
2138 4171 2270 4254 surore,
2289 4188 2326 4243 et
2353 4168 2401 4241 ab

1454 4297 1622 4395 ingenito
1670 4299 1757 4396 igne
1809 4298 1976 4396 digneris
2018 4298 2185 4383 liberare,
2229 4296 2402 4371 Salvator

1454 4423 1592 4509 mundi,
1615 4423 1689 4518 Qui
1709 4450 1793 4497 curn
1811 4440 1952 4497 aeter'no
1973 4425 2081 4497 Patre
2099 4424 2206 4509 vivis,
2226 4424 2293 4495 &c

1452 4641 1551 4746 [sor.
1575 4648 1675 4747 aa]

1451 4799 1549 4897 [sil

1653 4801 1752 4874 PosT
1780 4824 1958 4875 nauum
1984 4825 2171 4875 noiuuun
2199 4824 2250 4873 uu

1855 4951 1985 5001 emus.

1508 5075 1679 5148 Laudent
1723 5094 1771 5158 te,
1821 5076 1993 5162 Domine,
2051 5075 2186 5175 angeli,
2235 5077 2402 5163 virtutes,

1453 5201 1585 5285 sidera,
1619 5219 1833 5297 potestates
1864 5220 1902 5274 et
1932 5226 2016 5298 quae
2047 5220 2168 5275 ortum
2199 5227 2307 5274 suum
2335 5200 2402 5273 tibi

1453 5325 1593 5399 debent
1628 5325 1751 5399 officio
1782 5344 1855 5399 tuae
1886 5326 2107 5401 laudationis
2136 5326 2326 5412 exultent;
2361 5345 2403 5398 ut

1453 5478 1521 5548 per
1562 5452 1815 5526 universitatis
1858 5452 2087 5526 harmoniam
2131 5452 2276 5526 tibimet
2316 5475 2402 5524 con·

1454 5578 1640 5650 cinentem
1677 5577 1741 5651 fiat
1775 5597 1815 5652 ut
1852 5578 1889 5650 in
1933 5576 2028 5651 coelo
2064 5580 2116 5652 ita
2149 5597 2187 5652 et
2223 5579 2259 5650 in
2305 5595 2402 5650 terra

1454 5701 1627 5776 voluntas
1659 5722 1731 5777 tua
1789 5704 1847 5779 Sit
1883 5705 1959 5791 tibi,
1987 5730 2191 5802 precamur,
2226 5703 2399 5785 Domine,

1454 5819 1726 5917 beneplacitum
1757 5822 1794 5894 in
1824 5822 1964 5918 populo
1995 5842 2069 5907 tuo,
2099 5841 2140 5896 ut
2170 5847 2238 5918 per
2267 5820 2404 5894 exalta·

1455 5947 1576 6019 tiones
1594 5965 1677 6020 tuas
1697 5947 1733 6018 in
1752 5948 1833 6044 ejus
1853 5947 2018 6020 saucibus
2032 5947 2239 6032 collocatas,
2256 5963 2403 6018 maneat

1456 6073 1492 6143 in
1520 6072 1675 6171 singulis
1694 6091 1731 6146 et
1749 6072 1853 6145 verbi
1873 6075 1926 6145 tui
1940 6091 2136 6162 armatura,
2165 6099 2239 6169 qua
2256 6072 2401 6154 doceas,

1456 6217 1494 6270 et
1511 6198 1599 6271 vitae
1619 6216 1755 6271 nostrae
1768 6200 1914 6284 veritas,
1929 6225 2005 6296 qua
2023 6225 2171 6296 semper
2184 6199 2350 6295 aspicias,
2366 6215 2404 6271 et

1458 6322 1556 6396 salus
1580 6349 1654 6420 qua
1678 6345 1892 6398 mansuetos
1918 6323 2070 6410 exaltes,
2089 6326 2177 6422 quia
2202 6322 2405 6397 secundum

2186 6449 2208 6498 a
2237 6449 2255 6496 2
