5580 7372
761 708 1042 761 COLLECTIONES
1068 709 1121 758 Ab
1147 700 1284 772 HORAS,
1314 706 1467 758 lNlTlUM
1496 706 1641 772 NOCTIS,
1671 709 1915 777 MATUTINAM,
1944 708 2022 759 ETC.

393 1035 487 1138 [ra]
742 1037 809 1111 Ao
846 1058 1026 1111 raanan.

596 1214 734 1289 Christi
753 1241 820 1312 per
837 1213 966 1288 horam
984 1214 1131 1288 tertiam

587 1342 855 1437 -Deprecamur
870 1338 1116 1425 clementiam,

599 1466 665 1539 Uti
685 1467 792 1540 nobis
810 1483 1028 1563 perpetuam

596 1592 712 1666 Suam
731 1592 868 1665 tribuat
881 1592 1051 1689 gratiam,

912 1717 988 1812 Qui
1008 1739 1152 1817 regnas,
1173 1717 1241 1791 &c

394 1961 492 2066 [19.]
742 1965 807 2038 An
844 1988 1007 2040 snxmu.

596 2142 690 2215 Tuis
709 2168 818 2239 parce
836 2141 1064 2239 supplicibus

597 2268 715 2342 Sexta
732 2268 823 2341 hora
840 2266 1041 2351 orantibus,

597 2393 684 2487 Qua
702 2393 801 2467 luisti
820 2419 889 2489 pro
906 2392 1090 2479 omnibus,

597 2519 756 2607 Christe,
772 2519 809 2592 in
828 2544 934 2592 cruce
953 2519 1106 2615 positus,

914 2645 989 2741 Qui
1008 2670 1153 2745 regnas,
1173 2647 1241 2720 &c

396 2869 493 2969 [zo]
746 2871 810 2944 An
838 2895 988 2946 novun.

600 3048 747 3122 Exaudi
766 3075 895 3146 preces
913 3050 1079 3122 omniurn

599 3176 712 3249 Nona
729 3175 821 3249 hora
839 3176 1033 3262 orantium,

600 3303 642 3376 ln
661 3329 744 3399 qua,
766 3302 925 3392 Christe,
946 3301 1161 3378 Cornelium

597 3428 765 3502 Visitasti
783 3453 852 3525 per
867 3428 1051 3528 angelum,
1121 3497 1125 3505 .

911 3555 986 3649 Qui
1006 3576 1151 3655 regnas
1172 3555 1240 3630 &c

398 3773 492 3876 [tn]
671 3776 736 3850 An
764 3800 1041 3855 vasvanrtuxn.

597 3953 822 4050 Vespertino
840 3955 910 4028 sub
936 3973 1105 4051 tempore

596 4079 656 4152 Te
674 4080 900 4166 invocamus,
924 4081 1099 4169 Domine,

600 4203 749 4278 Nostris
767 4206 938 4303 precibus
956 4233 1089 4294 annue,

600 4329 751 4404 Nostris
769 4333 931 4428 peccatis
950 4333 1113 4430 ignosce,

877 4455 970 4556 [Qui
989 4484 1132 4556 regnas,
1154 4453 1243 4558 &c.]

395 4700 491 4802 [za]
592 4704 810 4780 emmeno
835 4729 886 4780 An
914 4731 1070 4783 rvrrruu
1099 4731 1243 4786 uocrrs.

599 4881 732 4956 Noctis
751 4901 898 4981 tempus
915 4877 1100 4985 exigimus

599 5008 757 5095 Christe,
780 5011 815 5082 in
836 5004 908 5084 tuis
927 5009 1118 5099 laudibus;

600 5132 814 5209 Miserearis
832 5131 1005 5212 omnibus

599 5258 658 5334 Te
676 5287 723 5335 ex
741 5259 853 5337 corde
867 5257 1112 5361 precantibus,

917 5389 992 5485 Qui
1011 5416 1157 5490 regnas
1176 5392 1244 5467 &c

398 5623 495 5722 [23]
714 5625 780 5699 An
823 5648 1070 5704 nocruxxxu,

603 5800 703 5898 Jesu,
724 5801 925 5878 clementer
938 5805 1049 5879 visita

603 5925 726 6002 Nocte
743 5948 892 6003 orantes
910 5931 1043 6018 media,

602 6053 688 6148 Qua
705 6054 832 6128 divina
849 6051 1016 6153 potentia

604 6179 704 6253 Petri
729 6177 872 6255 solvisti
891 6181 1046 6269 vincula,

921 6301 997 6402 Qui
1014 6327 1160 6408 regnas,
1180 6309 1247 6386 &c

1442 1032 1540 1136 [24]
1741 1035 1806 1108 An
1837 1057 2084 1108 unrurmnn.

1646 1212 1763 1298 Deus,
1783 1211 1941 1285 subveni
1964 1211 2137 1284 omnibus

1644 1335 1703 1410 Te
1721 1353 1778 1411 ter
1791 1355 1960 1410 sanctum
1979 1335 2227 1421 laudantibus,

1647 1462 1851 1558 Unumque
1868 1462 2131 1536 confitentibus

1646 1587 1770 1661 Sacris
1788 1587 2011 1686 hymnorum
2030 1588 2208 1674 cantibus,

1960 1713 2036 1809 Qui
2056 1734 2203 1814 regnas,
2221 1715 2289 1786 &c

1646 1970 1744 2042 Irnu
1770 1991 1821 2041 nn
1848 1988 2091 2042 Marurnmu.

1570 2165 1572 2168 ’
1646 2142 1848 2230 Gallorum,
1872 2143 2030 2230 Christe,
2050 2144 2221 2218 cantibus

1646 2271 1705 2344 Te
1723 2271 1903 2367 deprecor
1920 2271 2148 2355 sonantibus,

1647 2397 1747 2471 Petri
1765 2415 1805 2470 ut
1823 2397 2011 2493 quondam
2028 2396 2178 2470 fletibus

1648 2523 1798 2597 Nostris
1818 2522 1969 2595 intende
1987 2521 2168 2618 precibus,

1961 2646 2037 2741 Qui
2058 2673 2202 2746 regnas
2223 2647 2291 2722 &c

1646 3055 1744 3127 Itan
1783 3074 1873 3125 amn
1907 3075 1960 3125 nn
1999 3071 2242 3126 MATUTINAM.

1649 3225 1765 3311 Deus,
1786 3221 1849 3321 qui
1868 3217 2170 3322 pulsistenebris

1646 3344 1733 3425 Diei
1753 3350 1872 3425 lucem
1892 3351 2032 3437 tribuis,

1647 3478 1866 3551 Adventum
1885 3478 1965 3551 veri
1981 3476 2132 3550 luminis

1646 3603 1739 3677 Tuis
1758 3605 1907 3678 eflunde
1926 3602 2082 3689 famulis

1964 3730 2040 3825 Qui
2059 3754 2205 3828 regnas,
2226 3730 2293 3805 &c

1440 3969 1546 4074 [η]
1653 3970 1705 4075 >14
1733 3974 1831 4048 Isau
1861 3997 1913 4047 AD
1940 3997 2156 4048 sncuunnu.

1499 4152 1647 4225 Exaudi
1666 4177 1743 4237 nos,
1766 4146 1938 4237 Domine,
1959 4146 2144 4248 supplices
2162 4170 2256 4237 tuos,
2277 4151 2339 4247 qui
2359 4150 2395 4222 in

1446 4278 1515 4352 hac
1546 4278 1639 4351 hora
1663 4278 1785 4375 prima
1814 4277 1888 4351 diei
1925 4277 2117 4350 referimus
2156 4272 2222 4349 tibi
2256 4274 2396 4374 gratias

1447 4405 1613 4479 Domino
1650 4405 1736 4478 Deo
1768 4423 1904 4490 nostro,
1938 4403 2000 4500 qui
2031 4428 2099 4476 nos
2130 4397 2317 4475 redemisti
2347 4401 2395 4473 de

1445 4551 1509 4604 tuo
1533 4546 1663 4604 sancto
1686 4531 1877 4630 sanguine,
1905 4547 1945 4603 ut
1972 4553 2101 4625 preces
2127 4552 2169 4601 ac
2196 4527 2396 4625 petitiones

1446 4675 1593 4730 nostras
1639 4656 1722 4729 vice
1769 4654 2012 4753 primitiarum
2053 4653 2118 4726 tibi
2154 4651 2298 4727 oblatas
2333 4653 2394 4749 pie

1445 4782 1721 4878 clementerque
1740 4775 1928 4878 suscipias,
1950 4780 2027 4874 Qui
2046 4802 2191 4879 regnas,
2209 4780 2276 4851 &c

1447 5053 1543 5152 [ab]
1695 5055 1760 5128 An
1800 5077 1935 5127 nonan
1962 5076 2142 5127 rnnrmu.

1496 5231 1532 5305 'f
1536 5231 1586 5304 ibi
1610 5225 1793 5334 ‘subnixis
1836 5230 2008 5327 precibus
2044 5223 2197 5303 Christo
2227 5229 2396 5304 Domino

1447 5356 1707 5455 supplicamus
1727 5357 1790 5453 qui
1809 5357 1845 5430 in
1861 5351 1956 5430 hora
1975 5335 2091 5429 'tertia
2116 5356 2191 5429 diei
2217 5355 2397 5454 Spiritum

1450 5485 1629 5557 Sanctum
1648 5481 1826 5579 apostolis
1845 5481 2037 5555 orantibus
2050 5482 2215 5566 emisisti,
2228 5480 2398 5578 ejusdem

1447 5610 1578 5709 gratiae
1622 5608 1943 5705 participationem
1995 5607 2103 5680 nobis
2159 5608 2400 5704 poscentibus

1451 5736 1580 5832 jubeas
1597 5734 1763 5820 concedi,
1783 5733 1858 5827 Qui
1878 5759 2022 5832 regnas,
2042 5734 2109 5806 &e

1445 6008 1546 6111 [²29]
1696 6007 1761 6086 llo
1805 6034 1940 6087 nonan
1984 6037 2144 6088 snxmnr.

1501 6189 1752 6287 Omnipotens
1778 6209 1917 6265 aeterne
1939 6190 2056 6278 Deus,
2077 6193 2140 6289 qui
2164 6193 2271 6268 nobis
2297 6219 2400 6293 mag-

1450 6313 1547 6388 nalia
1590 6315 1721 6406 secisti,
1758 6331 1866 6390 sexta
1910 6316 2001 6391 hora
2043 6345 2190 6393 crucem
2234 6339 2400 6395 sanctam
