5580 7372
391 700 435 768 28
1094 715 1291 766 VERSICULI
1320 715 1486 766 FAMILIAE
1513 715 1721 766 BENCHL'IR.

391 918 664 995 multitudinem
692 918 960 1020 magnitudinis
987 935 1061 992 tuae
1080 933 1118 991 te
1135 914 1340 1001 laudamus,

395 1046 568 1133 Domine,
582 1048 703 1146 gratia
714 1045 939 1120 laudationis
950 1061 1113 1118 ostensae
1127 1041 1227 1139 [Fol.
1244 1039 1344 1138 28v.]

392 1170 644 1246 immolatione
687 1199 755 1270 per
792 1170 1020 1270 psalterium,
1058 1167 1343 1253 mortificatione

390 1323 458 1394 per
493 1317 722 1396 tympanum,
754 1297 1047 1398 congregatione
1076 1319 1143 1392 per
1178 1293 1341 1377 chorum,

392 1416 620 1492 exultatione
666 1443 734 1515 per
775 1442 969 1516 organum,
1011 1412 1233 1512 jubilatione
1276 1437 1344 1508 per

392 1542 612 1639 cymbalum,
649 1567 690 1617 ut
725 1570 874 1642 semper
907 1539 1198 1615 misericordiam
1241 1555 1342 1610 tuam

393 1667 529 1742 habere
557 1694 775 1758 mereamur,
810 1670 969 1754 Christe,
1003 1664 1177 1742 Salvator
1201 1665 1342 1750 mundi,

395 1793 469 1888 Qui
489 1819 572 1867 cum
590 1811 732 1868 aeterno
753 1797 862 1869 Patre
880 1794 988 1881 viviS,
1009 1793 1078 1865 &o

391 2094 489 2194 [94]
562 2094 615 2197 ᾖ
641 2096 770 2170 Suana
814 2117 1016 2168 caurnuus
1057 2094 1232 2168 Doumo.

447 2271 619 2358 Domine,
639 2273 701 2369 qui
731 2270 921 2345 Cinchrim
942 2270 1128 2369 fugientes
1155 2269 1269 2342 tueris
1286 2268 1345 2340 bis

393 2424 502 2471 senas
520 2424 587 2495 per
613 2397 732 2470 invisa
750 2398 867 2470 tribus
885 2393 1061 2472 aemulum
1081 2395 1221 2482 itinera,
1242 2392 1343 2490 prius

394 2523 565 2597 fluctibus
584 2525 621 2596 in
646 2523 743 2597 binis
762 2523 954 2618 ¹montium
974 2523 1160 2617 utrimque
1186 2519 1344 2594 redactis

394 2648 585 2734 celsorum,
619 2675 686 2723 ceu
714 2649 816 2747 jugis
847 2649 1004 2744 abrupte
1040 2646 1229 2721 arentibus
1259 2643 1344 2718 talis

393 2801 542 2872 aequore
571 2801 726 2859 murum,
759 2774 864 2871 quasi
892 2792 929 2847 et
959 2772 1007 2846 de
1042 2790 1148 2869 petra
1173 2769 1344 2868 lymphas

393 2901 612 2997 producens;
649 2920 839 2998 mergatur
873 2925 966 2998 ergo
999 2914 1041 2972 ut
1075 2895 1162 2972 olim
1197 2898 1342 2993 piorum

393 3026 612 3123 supplicium
641 3026 759 3099 hostis
781 3025 920 3108 aeterni‚
941 3050 1163 3121 quaesumuS,
1185 3040 1343 3096 statores

393 3178 574 3237 curruum,
594 3152 695 3249 quod
723 3168 781 3225 est
807 3151 912 3249 cujus
933 3149 1076 3236 affatus
1107 3146 1207 3246 [Fol.
1243 3146 1344 3245 aon]

393 3296 572 3375 actusque
614 3304 698 3351 cum
739 3279 905 3378 cogitatu
940 3275 1049 3350 celeri
1097 3300 1257 3371 nequam
1295 3275 1343 3347 sit

397 3403 603 3490 Pharaoni;
640 3429 705 3477 rex
740 3403 915 3476 lsraelem
959 3428 1100 3488 verum,
1130 3426 1214 3497 quae
1242 3400 1343 3473 unda

393 3528 521 3613 salvat,
542 3547 583 3602 ut
614 3529 766 3603 Christo
795 3529 960 3602 carmina
987 3545 1096 3601 canat
1114 3553 1181 3625 per
1199 3526 1341 3610 saecula,

396 3653 572 3748 Quicum
595 3655 703 3728 Patre
722 3654 825 3741 vivit,
846 3655 914 3726 &o

396 3878 492 3981 [Fol.
515 3876 614 3980 3or.]

393 4030 490 4130 [95.]
531 4031 743 4106 Vuasrcum
777 4053 944 4103 mmmm
972 4029 1190 4104 Baucuum.

545 4209 565 4282 i.
598 4206 784 4281 Benchuir
801 4207 900 4280 bona
918 4204 1055 4305 regula,

646 4333 773 4419 Recta,
793 4351 905 4428 atque
923 4332 1060 4420 divina,

644 4458 790 4544 Stricta,
810 4475 948 4548 sancta,
968 4457 1106 4541 sedula,

645 4585 810 4669 Summa,
824 4584 937 4682 justa,
955 4609 999 4658 ac
1018 4585 1120 4657 mira.

530 4786 563 4859 ii.
595 4785 776 4859 Munther
796 4783 983 4858 Benchuir
1000 4783 1121 4868 beata,

646 4911 740 4985 Fide
760 4911 913 4984 sundata
930 4928 1041 4996 certa,

645 5036 722 5134 Spe
740 5035 868 5109 salutis
886 5054 1026 5121 ornata,

644 5161 810 5235 Caritate
828 5162 1002 5259 perfecta.

517 5362 563 5435 iii.
596 5362 716 5435 Navis
735 5387 936 5459 numquam
956 5361 1113 5439 turbata.

644 5488 828 5584 Quamvis
846 5488 1018 5562 fluctibus
1036 5507 1155 5574 tonsa,

645 5614 798 5710 Nuptiis
815 5639 964 5710 quoque
983 5634 1109 5712 parata

646 5740 743 5839 Regi
765 5740 931 5814 Domino
948 5766 1095 5837 sponsa.

518 5940 563 6012 iv.
597 5940 743 6013 Domus
761 5938 901 6013 deliciis
920 5939 1040 6038 plena,

643 6067 766 6163 Super
778 6084 921 6163 petram
941 6084 1164 6151 constructa,

644 6192 802 6266 Necnon
821 6193 933 6266 vinea
949 6219 1039 6267 vera

646 6318 706 6391 Ex
726 6319 899 6418 AEgypto
918 6320 1141 6393 transducta.

1579 945 1612 992 v,
1644 917 1757 991 Certe
1775 917 1907 991 civitas
1928 915 2046 1002 firma,

1695 1044 1828 1129 Fortis,
1848 1061 1961 1139 atque
1979 1042 2092 1129 unita,

1692 1167 1876 1254 Gloriosa,
1897 1194 1939 1240 ac
1958 1167 2083 1266 digna.

1693 1295 1815 1392 Supra
1833 1312 1999 1367 montem
2017 1295 2150 1391 posita

1564 1497 1612 1573 vi.
1641 1497 1743 1570 Arca
1761 1495 1952 1570 Cherubin
1971 1513 2077 1581 tecta,

1695 1622 1811 1697 Omni
1829 1639 1934 1719 parte
1952 1637 2090 1706 aurata,

1696 1747 1966 1823 Sacro-sanctis
1980 1765 2138 1844 reperta,

1693 1873 1794 1946 Viris
1812 1891 1972 1969 quatuor
1988 1890 2145 1969 portata.

1476 2093 1477 2096 ’
1554 2075 1614 2147 vii.
1646 2073 1797 2148 Christo
1815 2073 1945 2170 regina
1961 2089 2058 2169 apta,

1695 2197 1794 2273 Solis
1811 2198 1893 2271 luce
1911 2198 2055 2282 amicta,

1694 2321 1873 2421 Simplex,
1892 2320 2076 2420 simulque
2093 2322 2213 2407 docta,-

1696 2450 1972 2545 Undecumque
1991 2448 2138 2521 invicta.

1538 2651 1612 2725 viii.
1642 2650 1742 2723 Vere
1761 2648 1896 2748 regalis
1913 2647 2005 2736 aula,

1692 2775 1816 2847 Variis
1833 2775 1993 2872 gemmis
2011 2793 2151 2860 ornata,

1611 2926 1616 2933 ·
1694 2900 1908 2999 Gregisque
1928 2899 2068 2974 Christi
2087 2901 2191 2973 caula

1695 3028 1804 3101 Patre
1823 3052 1969 3100 summo
1987 3044 2144 3100 servata.

1568 3232 1613 3304 ix.
1643 3229 1763 3329 Virgo
1781 3227 1890 3302 valde
1909 3229 2066 3302 fecunda

1695 3356 1801 3440 Haec,
1821 3372 1859 3429 et
1879 3374 1998 3429 mater
2016 3356 2162 3437 intacta.

1696 3482 1801 3555 Laeta
1818 3507 1861 3554 ac
1880 3481 2137 3571 tremebunda,

1691 3607 1820 3681 Verbo
1842 3608 1915 3681 Dei
1933 3607 2098 3684 subacta

1441 3731 1541 3835 [Fol.
1565 3731 1664 3831 300]

1580 3887 1613 3934 Χ.
1644 3859 1715 3933 Cui
1734 3860 1813 3932 vita
1830 3860 1941 3933 beata

1693 3985 1790 4058 Cum
1809 3985 1984 4082 perlectis
2002 3986 2136 4076 lutura,

1696 4112 1781 4185 Deo
1802 4112 1911 4185 Patre
1930 4127 2059 4208 parata

1694 4236 1785 4311 Sine
1804 4236 1876 4310 fide
1895 4262 2079 4310 mansura.

1646 4387 1832 4462 Benchuir
1849 4388 1948 4463 bona
1966 4388 2104 4488 regula.

1443 4661 1787 4764 [96.]Cou.ncr10
1815 4687 1933 4739 sumu
1961 4688 2146 4740 uotiuum
2174 4689 2241 4754 our

1736 4813 1861 4864 unum
1888 4815 2098 4866 omoonuu.

1498 4941 1672 5030 Domine,
1692 4959 1819 5015 sancte
1849 4942 1968 5029 Pater,
1989 4944 2227 5041 omnipotens
2253 4962 2395 5021 aeterne

1448 5068 1562 5154 Deus,
1592 5067 1737 5164 expelle
1769 5068 1958 5143 diabolum
1994 5088 2033 5143 et
2059 5071 2308 5169 gentilitatem
2346 5073 2395 5146 ab

1443 5191 1593 5266 homine
1612 5194 1692 5280 isto,
1706 5193 1754 5268 de
1772 5195 1904 5290 capite,
1923 5194 1971 5268 de
1989 5195 2139 5292 capillis,
2159 5197 2207 5270 de
2226 5199 2392 5280 sorbete,
2417 5168 2562 5289 [molto

1442 5318 1490 5392 de
1521 5320 1669 5405 vertice,
1698 5320 1745 5393 de
1775 5320 1906 5407 fronte,
1927 5322 1975 5394 de
2002 5320 2127 5407 oculis,
2156 5322 2204 5396 de
2231 5323 2392 5401 auribus,

1442 5445 1489 5518 de
1520 5447 1680 5532 naribus,
1706 5446 1753 5519 de
1785 5444 1904 5537 labiis,
1935 5447 1984 5521 de
2012 5474 2087 5536 ore,
2107 5447 2156 5521 de
2187 5448 2324 5548 lingua,
2346 5451 2394 5523 de.

1440 5568 1647 5668 sublingua,
1667 5571 1715 5644 de
1746 5572 1924 5659 saucibus
1952 5573 2000 5646 de
2025 5590 2186 5672 gutture,
2206 5574 2254 5648 de
2285 5576 2392 5663 collo

1441 5695 1488 5769 de
1532 5697 1655 5782 corde,
1699 5697 1746 5771 de
1790 5721 1944 5795 corpore
1992 5715 2081 5786 tot0,
2128 5699 2177 5774 de
2220 5702 2395 5776 omnibus

1443 5822 1726 5921 compaginibus
1761 5824 2013 5898 membrorum
2045 5850 2209 5912 suorum,
2232 5826 2330 5901 intus
2356 5848 2395 5902 et

1441 5947 1589 6034 deforis,
1614 5948 1662 6022 de
1694 5949 1849 6034 ossibus
1882 5951 1929 6023 de
1958 5952 2074 6036 venis,
2104 5952 2152 6025 de
2184 5954 2318 6040 nervis,
2345 5954 2394 6028 de

1441 6074 1632 6172 sanguine,
1671 6074 1718 6147 de
1760 6101 1882 6160 sensu,
1920 6076 1967 6149 de
2008 6076 2306 6174 cogitationibus,
2345 6079 2393 6153 de

1443 6199 1577 6280 verbis,
1594 6200 1641 6273 de
1660 6201 1832 6273 omnibus
1857 6201 2035 6298 operibus
2053 6203 2140 6288 suis,
2167 6202 2214 6276 de
2243 6205 2391 6291 virtute,

1442 6322 1541 6422 [Fol.
1578 6324 1677 6424 31r.]
1703 6326 1751 6400 de
1769 6327 1870 6399 omni
1893 6329 2177 6402 conversatione
2209 6330 2301 6427 ejuS,
2321 6329 2390 6417 hic,
