5580 7372
400 713 449 800 64
1337 731 1471 785 nores.

461 927 570 996 Regula
584 928 611 983 S.
627 929 796 986 columbani
903 930 1140 1003 Antiphonarium
1154 932 1354 990 Bencborense

404 1028 406 1033 .
553 999 626 1070 (cap.
639 1001 705 1069 vii).
1010 1003 1077 1072 (loll.
1090 1004 1252 1072 aon-aza).

404 1151 426 1190 r.
446 1138 501 1192 Pro
514 1101 762 1209 peccati—snostris.
833 1190 837 1197 .
924 1158 945 1198 1.
965 1141 1033 1214 [Pro
1046 1104 1169 1214 pecfar-is
1181 1142 1306 1217 nostris]

401 1223 425 1262 2.
448 1210 508 1334 Px}
526 1211 602 1265 omni
627 1215 732 1283 populo
757 1214 852 1270 Chris·
919 1229 943 1269 2.
964 1215 1019 1268 Pro
1032 1214 1187 1285 baptizatis.

502 1298 574 1335 rano.

401 1364 425 1417 3.
447 1350 502 1404 Pro
523 1353 717 1433 sacerdotibus
738 1365 766 1409 et
791 1357 851 1410 reli·

489 1438 561 1491 quis.
599 1425 663 1477 Deo
682 1426 853 1481 consecratis

490 1509 588 1547 sacrae
606 1494 696 1564 plebis
709 1497 851 1578 gradibus.
919 1510 943 1561 4.
966 1497 1020 1549 Pro
1032 1496 1143 1577 abbate.

401 1575 426 1626 4.
447 1561 508 1687 Pri)
517 1563 712 1634 eleemosynas
724 1567 850 1622 facienti·
922 1580 943 1635 5.
963 1563 1031 1636 [Pro
1044 1565 1196 1649 fratnbus]

404 1716 425 1771 5.
447 1704 501 1756 Pro
510 1651 584 1774 iiiice
597 1723 703 1775 regum
918 1638 943 1773 ξ.
964 1638 1301 1780 ξῖἓᾞὲἑῃὲἒὲῐῐοωω
1322 1721 1351 1764 et

918 1848 941 1902 8.
963 1795 1301 1931 Pitiiiiiinaszphemantibus.

915 1934 940 1985 9.
962 1921 1017 1973 Pro
1029 1938 1130 1990 tmpus.

902 2004 941 2043 ro.
964 1990 1019 2043 Pro
1032 1990 1084 2045 iter
1096 1989 1270 2046 facientibus.

903 2075 941 2114 11.
961 2058 1029 2130 [Pro
1041 2061 1147 2129 gratias
1159 2059 1331 2132 agentibus]

901 2145 941 2185 12.
962 2132 1017 2185 Pro
1042 2130 1223 2200 elemos'ilnas
1245 2133 1347 2186 facien·

986 2201 1082 2284 tibus]
1100 2220 1132 2258 or
1154 2204 1209 2258 Pro
1228 2203 1347 2258 eleemo-

986 2273 1112 2342 syrianis.

900 2356 939 2410 13.
961 2344 1015 2397 Pro
1029 2341 1153 2398 infirmis.

900 2428 939 2478 14.
973 2414 1027 2467 Pro
1040 2411 1181 2495 captivis]

899 2497 910 2536 r
918 2497 938 2551 5.
972 2485 1027 2537 Pro
1040 2484 1244 2539 tribulantibus.

899 2555 938 2608 16.
973 2556 1026 2608 Pro
1040 2483 1268 2626 poenitentibus&

437 2666 474 2725 In
499 2669 550 2727 the
572 2670 668 2730 above
692 2670 755 2729 lists
778 2673 829 2731 the
854 2674 916 2733 first
940 2676 1023 2736 three
1045 2677 1124 2736 titles
1147 2678 1328 2754 correspond
1340 2700 1349 2752 ;

394 2774 1254 2855 No.4=No.12;No.5=No.7;No.6=No.8.
1297 2783 1347 2843 All

394 2881 445 2939 the
459 2882 589 2957 subjects
604 2883 649 2941 for
669 2883 862 2944 intercession
884 2888 1077 2948 enumerated
1087 2886 1122 2947 in
1143 2889 1195 2949 the
1216 2889 1296 2949 Rule
1316 2890 1352 2949 ol

394 2987 435 3045 St.
452 2987 659 3047 Columbanus
672 3007 722 3049 are
736 2990 829 3049 found
843 2989 875 3049 in
889 2991 940 3052 the
954 2991 1163 3071 Antiphonary
1177 2994 1212 3054 ol
1230 2996 1348 3073 Bangor

394 3092 465 3151 with
492 3103 542 3153 ten
570 3093 730 3154 additions.
786 3097 854 3156 The
889 3099 1004 3157 normal
1033 3110 1178 3161 structure
1205 3101 1241 3159 os
1263 3102 1348 3161 these

395 3197 603 3259 intercessions
618 3218 652 3258 or
667 3203 793 3262 ‘Preces
806 3203 813 3230 ’
827 3221 861 3262 or
877 3204 1069 3265 ‘Orationes’
1083 3206 1107 3265 is
1121 3224 1161 3265 an
1175 3208 1299 3266 anthem
1313 3225 1347 3267 or

394 3303 526 3365 Versicle
541 3307 677 3366 followed
693 3306 733 3385 by
750 3327 767 3366 a
789 3308 872 3369 short
893 3310 1019 3380 Collect‚
1035 3310 1089 3370 but
1111 3312 1170 3371 No.
1187 3332 1206 3384 4
1220 3313 1347 3372 consists

394 3410 429 3469 oi
452 3411 535 3472 three
563 3412 700 3472 anthems
728 3413 850 3473 without
871 3434 889 3473 a
913 3416 1039 3489 Collect‚
1061 3416 1123 3476 and
1144 3418 1175 3476 in
1196 3419 1248 3478 the
1269 3419 1343 3478 Nos.

397 3535 432 3589 14
447 3517 508 3577 ancl
526 3520 570 3584 16.
586 3529 645 3577 two
659 3520 797 3579 anthems
811 3538 860 3579 are
875 3521 1008 3596 prefixed
1023 3532 1055 3581 to
1069 3524 1121 3583 the
1136 3523 1263 3584 Collect.

434 3623 502 3682 The
515 3623 636 3683 anthem
652 3625 682 3683 in
704 3621 788 3705 [40']
810 3627 835 3685 is
856 3626 931 3685 lrom
953 3628 1000 3687 Ps.
1024 3628 1089 3688 lxix.
1108 3648 1133 3689 a.
1178 3630 1207 3688 It
1228 3631 1252 3689 is
1272 3630 1347 3689 used

393 3738 423 3786 at
444 3729 495 3788 the
523 3724 783 3791 commencement
810 3733 845 3791 of
869 3733 920 3792 the
950 3734 1052 3793 Hours
1078 3734 1110 3793 in
1137 3735 1189 3795 the
1217 3736 1346 3806 Roman,

394 3835 598 3908 Benedictine‚
618 3838 673 3895 &c
696 3837 867 3897 Breviaries.
921 3840 989 3899 The
1015 3840 1078 3900 title
1097 3841 1122 3900 is
1146 3839 1345 3918 accidentally

393 3941 528 4001 omitted.

433 4045 583 4122 Compare
611 4047 681 4106 with
716 4047 767 4107 the
798 4050 918 4127 Bangor
946 4051 1091 4111 ‘Preces'
1118 4051 1170 4112 the
1195 4052 1347 4130 following

392 4153 500 4210 Preces
520 4152 610 4212 taken
631 4153 706 4212 from
728 4154 762 4213 C.
779 4154 814 4215 C.
831 4155 865 4215 C.
882 4157 916 4217 C.
935 4157 998 4216 MS.
1024 4175 1089 4231 ²72·
1113 4176 1139 4217 o.
1164 4174 1189 4234 5.
1235 4159 1263 4217 It
1284 4158 1308 4217 is
1329 4177 1348 4216 a

393 4257 519 4317 Rheims
547 4259 669 4331 Psalter‚
699 4260 795 4318 which
823 4281 879 4320 can
916 4263 954 4321 be
981 4263 1094 4339 proved
1122 4263 1198 4322 from
1220 4263 1345 4323 internal

346 4368 350 4375 ‘
392 4365 535 4425 evidence
556 4376 588 4425 to
609 4366 685 4426 have
713 4367 790 4427 been
812 4366 926 4428 written
954 4369 1117 4429 somevvhat
1145 4367 1248 4429 earlier
1274 4370 1347 4430 than

392 4487 453 4529 ab.
470 4472 538 4530 882.

920 1370 943 1424 3.
963 1352 1032 1425 [Pro
1044 1353 1258 1428 sacerdotibus]

402 1844 427 1897 6.
448 1845 503 1898 Pro
516 1843 644 1902 inimicis.

473 4625 661 4686 ORATIONES
690 4643 830 4687 MAIORES
851 4645 894 4686 Ab
915 4645 1110 4690 MATUTINAM
1134 4646 1199 4690 UEL
1222 4647 1265 4690 ut>

785 4750 953 4794 UESPERAS.

394 4861 522 4922 Oremus
563 4880 618 4938 pro
632 4864 714 4922 omni
728 4864 821 4940 gradu
836 4866 987 4925 ecclesiae.

562 4969 737 5030 Sacerdotes
752 4971 795 5030 tui
809 4969 977 5032 induantur.

393 5068 548 5155 [Oremus]
562 5093 616 5150 pro
631 5074 798 5151 pastoribus
812 5078 928 5137 nostris.

567 5182 677 5239 Beatus
692 5182 744 5258 qui
758 5182 903 5260 intellegit
918 5202 1006 5261 super
1018 5203 1164 5262 aegenum

393 5281 548 5366 [Oremus]
561 5305 616 5363 pro
630 5305 698 5364 rege
713 5299 822 5347 nostro.

566 5382 697 5443 Domine
712 5385 828 5444 saluum
843 5385 890 5445 fac
904 5405 1004 5464 regem
1020 5396 1050 5447 et
1064 5387 1171 5449 exaudi
1186 5407 1250 5450 nos.

393 5486 547 5571 [Oremus]
562 5509 615 5566 pro
629 5491 729 5550 liberis
744 5490 815 5551 eius.

562 5598 668 5656 Saluos
681 5598 728 5657 fac
749 5617 851 5658 seruos
865 5608 933 5658 tuos
953 5599 1029 5660 deus
1050 5619 1135 5661 meus
1149 5614 1301 5679 sperantes
1316 5605 1346 5662 in

635 5713 672 5763 te.

395 5805 551 5890 [Oremus]
566 5828 620 5885 pro
633 5809 743 5869 abbate
755 5820 865 5870 nostro.

566 5916 650 5975 Deus
665 5927 821 5975 conseruet
835 5934 905 5975 eum
921 5927 950 5976 et
964 5917 1095 5979 uiuificet
1109 5909 1189 5981 etim.

394 6017 550 6102 [Oremus]
565 6040 618 6098 pro
632 6032 743 6080 cuncto
757 6023 871 6098 populo
885 6022 1041 6084 catholico.

562 6128 684 6186 Saluum
698 6128 744 6186 fac
758 6129 902 6206 populum
918 6138 1003 6188 tuum

394 6230 549 6315 [Oremus]
564 6253 617 6310 pro
632 6232 768 6293 fratribus
783 6244 813 6293 et
827 6235 977 6294 sororibus
993 6237 1108 6295 nostris.

565 6342 689 6417 Propter
701 6341 804 6401 iratres
819 6359 911 6402 meos.
927 6353 1047 6420 propter
1061 6343 1193 6403 domum.

1450 928 1605 1014 [Oremus]
1621 950 1674 1009 pro
1689 950 1771 1010 pace.

1620 1038 1686 1099 Fiat
1700 1059 1759 1117 pax
1773 1039 1803 1098 in
1818 1036 1929 1098 uirtute
1943 1046 1994 1098 tua
2008 1049 2038 1099 et
2051 1037 2266 1100 habundantia.

1450 1140 1606 1227 [Oremus]
1621 1164 1675 1223 pro
1690 1147 1744 1206 iter
1757 1145 1921 1224 agentibus.

1612 1252 1641 1313 Ο
1656 1250 1779 1312 domine
1794 1252 1894 1311 saluos
1915 1269 1971 1310 nos
1985 1249 2033 1308 lac
2054 1267 2075 1308 o
2095 1246 2219 1309 domine
2234 1267 2406 1326 prosperare

1450 1354 1605 1439 [Oremus]
1620 1377 1674 1435 pro
1689 1356 1909 1436 nauigantibus.

1619 1465 1737 1524 Exaudi
1753 1484 1809 1524 nos
1823 1465 1897 1524 deus
1912 1463 2047 1523 salutaris
2061 1471 2163 1521 noster
2176 1478 2252 1538 spes.

1449 1564 1604 1650 [Oremus]
1619 1589 1673 1646 pro
1687 1569 1935 1647 persequentibus
1949 1583 1979 1628 et
1993 1568 2246 1628 calumniantibus
2259 1568 2355 1627 nobis.

1621 1677 1752 1735 Domine
1793 1676 1879 1735 ihesu
1920 1674 2029 1734 christe
2057 1693 2096 1733 ne
2123 1683 2235 1732 statuas
2264 1673 2320 1733 illis
2346 1672 2405 1732 hoc

1689 1791 1846 1859 peccatum
1860 1781 1932 1858 quia
1946 1777 2084 1840 nesciunt
2098 1779 2172 1855 quid
2187 1777 2308 1839 faciunt

1448 1883 1604 1969 [Oremus]
1618 1906 1672 1965 pro
1686 1885 1935 1948 discordantibus.

1619 1995 1681 2053 Pax
1695 1992 1744 2054 dei
1764 2012 1824 2069 que
1844 2002 2000 2069 exsuperat
2020 2011 2143 2051 ornnem
2165 2009 2287 2051 sensum
2307 2001 2405 2050 custo

1684 2101 1747 2160 diat
1761 2100 1853 2160 corda
1867 2100 1985 2159 illorum
2000 2097 2032 2157 in
2045 2117 2130 2176 pace.

1447 2202 1602 2287 [Oremus]
1615 2226 1670 2284 pro
1684 2205 1897 2284 penitentibus.

1617 2315 1800 2375 Conuertere
1813 2314 1938 2374 domine
1952 2330 2111 2389 usquequo
2125 2323 2155 2373 et
2169 2310 2374 2388 deprecabilis.

1446 2415 1600 2501 [Oramus]
1615 2439 1669 2496 pro
1683 2419 1823 2479 omnibus
1838 2420 2016 2480 elemosinas
2031 2416 2217 2479 iacientibus.

1617 2524 1764 2602 Dispersit
1778 2526 1870 2586 dedit.

1446 2626 1601 2711 [Oremus]
1616 2650 1670 2707 pro
1689 2632 1824 2690 infirmis.

1616 2738 1655 2796 Et
1685 2737 1891 2796 clamauerunt
1913 2736 1954 2796 ad
1981 2733 2141 2795 dominum
2169 2752 2240 2793 curn
2281 2734 2402 2794 tribula-

1685 2854 1796 2902 rentur.

1447 2943 1601 3029 [Oremus]
1616 2966 1670 3024 pro
1685 2947 1825 3008 fidelibus
1839 2946 1999 3007 defunctis.

1618 3055 1768 3131 Requiem
1792 3064 1944 3113 aeternam
1968 3053 2050 3111 dona
2072 3050 2117 3112 eis
2140 3050 2264 3112 domine
2293 3062 2323 3112 et
2351 3052 2401 3111 lux

1689 3171 1833 3236 perpetua
1846 3159 1945 3218 luceat
1959 3158 2011 3218 eis.

1619 3267 1825 3342 Requiescant
1839 3263 1869 3324 in
1885 3283 1968 3342 pace.
2010 3266 2119 3324 Arnen.

1446 3374 1576 3435 Oremus
1616 3390 1670 3448 pro
1685 3373 1816 3448 peccatis
1831 3382 1860 3432 et
1874 3369 2062 3448 negligentiis
2077 3371 2194 3430 nostris.

1617 3480 1750 3539 Domine
1763 3498 1803 3538 ne
1816 3477 1996 3538 memineris.

1616 3585 1738 3644 Adiuua
1765 3602 1821 3642 nos
1855 3584 1931 3644 deus
1966 3583 2101 3642 salutaris
2136 3593 2236 3643 noster
2280 3595 2401 3659 propter

1686 3691 1809 3768 gloriam
1826 3689 1957 3748 nominis
1971 3690 2023 3748 tui.

1615 3798 1646 3860 Ο
1684 3799 1808 3859 domine
1846 3795 1940 3856 libera
1977 3814 2033 3855 nos
2074 3805 2105 3855 et
2146 3795 2292 3872 propitius
2334 3809 2401 3856 esto

1685 3905 1815 3982 peccatis
1828 3914 1949 3981 propter
1964 3920 2075 3962 nomen
2094 3912 2187 3961 tuum.

1614 4011 1807 4070 Adiutorium
1822 4019 1958 4068 nostrum
1973 4009 2003 4066 in
2019 4008 2142 4067 nomine
2153 4006 2276 4068 domini.

1447 4113 1601 4198 [Oremus]
1617 4137 1671 4194 pro
1686 4117 1823 4176 iratribus
1839 4115 1946 4174 nostris
1960 4113 2144 4173 absentibus.

1619 4224 1725 4283 Saluos
1740 4223 1786 4281 sac
1801 4239 1903 4281 seruos
1918 4232 1985 4280 tuos
1999 4220 2074 4278 deus
2091 4238 2184 4279 meus.

1615 4330 1704 4388 Mitte
1719 4329 1761 4388 eis
1775 4328 1917 4387 auxilium
1940 4327 1980 4386 de
2001 4341 2106 4385 sancto
2128 4336 2157 4385 et
2180 4326 2218 4386 de
2233 4324 2300 4386 sion
2315 4337 2400 4387 tuere

1684 4455 1745 4495 eos.

1616 4540 1749 4602 Domine
1763 4538 1870 4601 exaudi
1885 4539 2051 4599 orationem
2066 4557 2173 4599 meam.

1487 4674 1554 4734 The
1577 4673 1707 4734 absence
1731 4675 1765 4733 of
1785 4692 1844 4749 any
1868 4671 2064 4731 intercession
2090 4673 2163 4747 ‘pro
2185 4668 2326 4729 fidelibus
2349 4670 2400 4728 de·

1447 4780 1575 4838 functis’
1596 4798 1706 4856 among
1730 4780 1782 4838 the
1805 4780 1925 4856 Bangor
1948 4795 2051 4854 preces
2066 4777 2091 4836 is
2105 4776 2298 4836 remarkable
2342 4777 2400 4837 See

1447 4896 1519 4945 note
1532 4896 1564 4944 to
1578 4880 1645 4966 [61]
1659 4886 1702 4944 ad
1702 4887 1805 4963 finem.

1885 5037 1953 5121 [41]
2013 5036 2016 5044 ’

1486 5173 1555 5233 The
1578 5174 1701 5232 anthern
1725 5170 1751 5232 is
1775 5173 1852 5232 from
1878 5173 1925 5232 Ps.
1952 5170 2038 5230 xxvii.
2055 5191 2082 5248 9.
2126 5171 2156 5231 It
2170 5189 2275 5232 occurs
2288 5191 2401 5251 among

1445 5280 1497 5340 the
1526 5280 1670 5339 ‘Preces’
1697 5289 1727 5338 at
1756 5279 1857 5339 Lauds
1894 5279 1954 5339 and
1981 5280 2112 5356 Vespers
2139 5279 2170 5338 in
2198 5279 2250 5338 the
2278 5281 2401 5340 Roman

1448 5386 1595 5464 Breviary,
1609 5386 1670 5445 and
1684 5384 1715 5443 in
1737 5385 1787 5444 the
1812 5385 1945 5462 opening
1962 5383 2110 5444 Versicles
2129 5384 2164 5444 oi
2178 5385 2230 5444 the
2250 5385 2399 5463 Anglican

1447 5490 1573 5550 Mattins
1600 5492 1661 5551 and
1690 5491 1860 5568 Evensong.
1904 5491 1933 5551 It
1957 5491 1981 5549 is
2006 5491 2070 5550 also
2093 5492 2187 5550 found
2212 5509 2323 5568 among
2346 5491 2399 5552 the

1446 5598 1587 5674 suffrages
1601 5608 1631 5656 at
1646 5597 1696 5657 the
1711 5596 1771 5656 end
1786 5598 1820 5656 os
1830 5597 1882 5656 the
1898 5597 2004 5672 Litany
2019 5597 2048 5654 in
2064 5597 2115 5656 the
2131 5597 2235 5656 Sarum
2250 5599 2398 5674 Breviary,

1447 5703 1649 5781 (Cambridge,
1674 5706 1759 5779 1879,
1776 5704 1859 5762 Fasc.
1890 5723 1934 5762 11.
1958 5701 2016 5761 col.
2042 5700 2113 5779 254)
2132 5703 2164 5760 in
2177 5722 2290 5762 answer
2299 5714 2332 5763 to
2347 5705 2400 5764 the

1446 5809 1573 5887 bidding
1609 5805 1784 5890 ‘lOremus]
1808 5827 1861 5886 pro
1888 5819 1998 5868 cuncto
2026 5809 2139 5885 populo
2167 5807 2356 5881 Christiano,’
2381 5829 2399 5868 a

1446 5917 1553 5993 phrase
1567 5915 1662 5974 which
1678 5915 1702 5974 is
1714 5914 1884 5990 equivalent
1897 5925 1929 5973 to
1946 5916 2018 5991 ‘pro
2032 5913 2207 5990 baptizatis!
2249 5915 2277 5973 It
2292 5933 2398 5974 occurs

1446 6023 1569 6082 without
1592 6041 1611 6081 a
1632 6021 1794 6098 preceding
1807 6019 1934 6096 bidding
1947 6038 2058 6097 among
2076 6037 2160 6080 some
2177 6018 2333 6096 ‘Capitula
2346 6040 2399 6096 per

1447 6147 1553 6189 omnes
1581 6128 1698 6188 Horas'
1723 6127 1842 6204 printed
1866 6126 1907 6203 by
1932 6127 2069 6186 Martene
2098 6124 2142 6202 (a)
2169 6126 2247 6184 from
2273 6144 2291 6184 a
2318 6138 2398 6185 most

1446 6236 1566 6295 ancient
1599 6234 1738 6311 Breviary
1774 6231 1967 6292 ‘Monasterii
2007 6231 2231 6305 Cassinensis’3
2266 6229 2313 6309 (b)
2359 6251 2398 6291 an

1446 6341 1566 6402 ancient
1591 6341 1656 6401 MS.
1683 6340 1888 6400 Collectaneum
1911 6339 1946 6398 oi
1965 6339 2017 6397 the
2039 6339 2212 6415 Monastery
2232 6338 2261 6398 S.
2284 6338 2399 6399 Mariae
