5580 7372
1247 693 1543 747 turnonvcrron.
2278 655 2342 744 >iiii

397 895 552 994 vigilare
586 915 625 972 et
651 923 758 971 orare
783 897 884 971 omni
913 897 1106 994 tempore,¹
1140 915 1178 971 et
1216 897 1352 971 Paulus
1379 898 1557 995 praecipit
1591 897 1670 972 sine
1706 897 1976 972 intermissione
2002 895 2139 971 orare.2
2191 896 2268 970 Sed
2303 898 2391 993 quia

396 1025 605 1098 orationum
632 1024 891 1098 canonicarum
910 1023 1119 1097 noscendus
1149 1041 1206 1097 est
1234 1025 1377 1111 modus
1398 1025 1435 1097 in
1463 1050 1539 1122 quo
1566 1050 1696 1098 omnes
1724 1022 1832 1097 simul
1860 1041 2010 1097 orantes
2037 1021 2138 1096 horis
2165 1023 2390 1097 conveniant

395 1151 552 1236 statutis,
573 1149 781 1247 quibusque
799 1148 978 1222 absolutis
996 1150 1249 1247 unusquisque
1271 1150 1308 1222 in
1325 1150 1494 1224 cubiculo
1511 1176 1579 1223 suo
1598 1176 1703 1224 orare
1721 1149 1844 1223 debet.
1884 1150 1955 1222 Per
1980 1149 2131 1221 diurnas
2142 1149 2237 1222 terni
2252 1147 2388 1221 Psalmi

394 1275 505 1350 horas
523 1302 591 1373 pro
608 1301 761 1372 operum
780 1275 1060 1371 interpositione
1076 1276 1204 1348 statuti
1222 1295 1308 1349 sunt
1334 1301 1357 1347 a
1375 1276 1592 1349 Senioribus
1618 1276 1763 1362 nostris,
1794 1301 1877 1348 cum
1904 1273 2167 1348 versiculorum
2185 1291 2389 1372 augmento

396 1402 730 1487 intervenientium,
759 1426 826 1497 pro
852 1400 1013 1496 peccatis
1038 1381 1198 1497 primum
1224 1401 1370 1488 nostris,
1390 1401 1525 1474 deinde
1546 1426 1614 1497 pro
1631 1401 1732 1474 omni
1750 1400 1888 1498 populo
1915 1398 2137 1485 Christian0,
2166 1400 2302 1472 deinde
2320 1425 2388 1496 pro

397 1528 662 1602 Sacerdotibus
687 1543 726 1600 et
751 1525 901 1622 reliquis
929 1526 1015 1599 Deo
1041 1526 1265 1600 consecratis
1293 1552 1421 1600 sacrae
1448 1525 1567 1623 plebis
1596 1526 1784 1624 gradibus,
1813 1544 2003 1623 postremo
2037 1551 2105 1623 pro
2131 1525 2388 1621 eleemosynas

395 1652 624 1738 iacientibus
644 1670 776 1749 postea
802 1677 869 1748 pro
897 1676 989 1747 pace
1016 1677 1156 1748 regum,
1187 1652 1389 1725 novissime
1419 1678 1486 1749 pro
1514 1652 1680 1738 inimicis,
1711 1678 1759 1726 ne
1777 1651 1846 1724 illis
1862 1651 1968 1725 Deus
1986 1669 2124 1725 statuat
2139 1652 2175 1724 in
2193 1669 2387 1747 peccatum

395 1780 495 1876 quod
513 1795 785 1876 persequuntur
801 1795 839 1850 et
856 1775 1055 1851 detrahunt
1074 1777 1191 1864 nobis,
1212 1779 1300 1874 quia
1317 1779 1485 1851 nesciunt
1503 1778 1593 1874 quid
1611 1778 1758 1851 faciunt.

495 1904 559 1977 Ad
601 1904 744 1977 initium
780 1929 870 1976 vero
906 1903 1024 1976 noctis
1057 1903 1253 1977 duodecim
1299 1902 1445 1989 Psalmi,
1482 1904 1530 1976 ad
1565 1904 1803 2000 mediumque
1834 1903 1952 1976 noctis
1987 1902 2182 1976 duodecim
2220 1901 2388 1975 similiter

395 2028 621 2126 psalluntur:
657 2029 706 2102 ad
743 2029 971 2102 Matutinum
1002 2054 1092 2102 vero
1119 2028 1175 2101 bis
1202 2029 1289 2102 deni
1317 2030 1449 2126 bisque
1476 2029 1552 2101 bini
1583 2055 1650 2126 per
1683 2047 1853 2125 tempora
1880 2028 2058 2114 brevium,
2089 2045 2129 2101 ut
2147 2028 2286 2101 dictum
2317 2045 2384 2112 est,

395 2156 557 2229 noctium
600 2172 687 2228 sunt
737 2154 917 2250 dispositi,
962 2152 1137 2250 pluribus
1178 2155 1257 2253 jam
1302 2172 1341 2227 ut
1383 2155 1470 2241 dixi,
1517 2156 1616 2228 nocti
1664 2155 1886 2227 Dominicae
1938 2179 1982 2227 ac
2030 2154 2185 2228 Sabbati
2238 2153 2388 2251 vigiliae

394 2281 593 2377 deputatis.
649 2281 692 2353 ln
718 2280 852 2376 quibus
878 2279 949 2352 sub
961 2305 1037 2352 uno
1055 2305 1163 2352 cursu
1181 2281 1419 2378 septuaginta
1435 2281 1600 2377 quinque
1617 2278 1791 2379 [Psalmi]
1808 2278 1997 2378 sigillatim
2016 2297 2219 2353 cantantur.
2278 2279 2387 2352 Haec

389 2407 499 2505 juxta
516 2431 750 2480 communem
768 2406 971 2478 dictasunt
989 2404 1193 2501 synaxim.’'

496 2530 621 2632 [Here
652 2528 793 2604 follows
828 2556 851 2603 a
884 2555 1044 2627 passage
1078 2529 1252 2628 allowing
1285 2531 1559 2628 dispensations
1594 2530 1651 2604 lor
1685 2531 1835 2604 various
1869 2557 2022 2617 causes;
2065 2529 2154 2605 then
2189 2529 2253 2605 the
2291 2529 2388 2603 Rule

396 2656 592 2757 proceeds]
643 2714 651 2729 .
705 2715 714 2731 .
769 2713 777 2728 .

444 2842 452 2856 .
507 2841 515 2857 .
570 2841 578 2856 .
635 2782 766 2856 “Sunt
783 2799 908 2855 autem
927 2781 1078 2878 quidam
1097 2780 1289 2868 Catholici,
1315 2781 1450 2879 quibus
1469 2782 1567 2855 idem
1585 2799 1643 2856 est
1660 2782 1859 2856 canonicus
1885 2782 2134 2855 duodenarius
2155 2780 2385 2854 Psalmorum

395 2906 617 2994 numerum,³
642 2909 722 2981 sive
748 2933 815 3004 per
839 2907 974 2980 breves
999 2907 1081 2981 sive
1105 2933 1173 3004 per
1198 2906 1330 3005 longas
1356 2925 1507 2982 noctes:
1532 2908 1600 2982 sed
1630 2934 1698 3005 per
1727 2926 1927 3004 quaternas
1957 2909 1994 2980 in
2026 2925 2135 2981 nocte
2161 2908 2263 2980 vices
2288 2905 2387 2980 hunc

394 3060 574 3108 canonem
609 3034 778 3120 reddunt,
824 3032 872 3105 ad
917 3033 1061 3105 initium
1097 3034 1225 3119 noctis,
1268 3033 1316 3106 ad
1361 3034 1601 3131 mediumque
1635 3034 1725 3132 ejus,
1764 3033 1946 3130 pullorum
1980 3059 2131 3130 quoque
2166 3051 2306 3120 cantus
2343 3060 2386 3106 ac

397 3161 635 3234 Matutinum.
691 3160 766 3254 Qui
792 3181 921 3231 cursus
946 3156 1041 3231 sicut
1068 3157 1105 3231 in
1130 3158 1265 3255 hyeme
1291 3185 1429 3256 parvus
1446 3158 1527 3232 aliis
1545 3159 1701 3245 videtur,
1723 3157 1775 3233 ita
1802 3158 1839 3232 in
1857 3177 2000 3233 aestate
2026 3160 2116 3232 satis
2142 3185 2323 3232 onerosus
2348 3177 2386 3232 et

393 3287 520 3384 gravis
555 3285 749 3370 invenitur,
778 3284 867 3357 dum
894 3284 1032 3357 crebris
1059 3284 1096 3356 in
1122 3285 1241 3358 noctis
1267 3284 1450 3358 brevitate
1478 3282 1777 3381 expeditionrbus
1805 3309 1880 3358 non
1908 3303 1985 3357 tam
2013 3283 2268 3358 lassitudinem
2287 3285 2384 3367 lacit,

395 3438 507 3509 quam
539 3411 804 3509 fatigationem.
878 3407 1063 3483 Noctibus
1101 3435 1190 3483 vero
1228 3407 1546 3496 reverentissimis,
1581 3410 1805 3484 Dominicae
1846 3408 2015 3491 seillicest
2049 3409 2108 3484 vel
2141 3410 2307 3497 Sabbati,
2337 3411 2386 3484 ad

397 3538 625 3612 Matutinum
644 3555 701 3610 ter
719 3536 817 3608 idem
835 3534 997 3608 volvitur
1015 3561 1199 3621 numerus
1221 3536 1258 3608 id
1276 3552 1342 3623 est,
1363 3555 1425 3609 ter
1437 3536 1543 3609 denis
1561 3553 1598 3610 et
1617 3562 1684 3609 sex
1706 3534 1871 3608 Psalmis

495 3664 665 3758 Quorum
695 3660 885 3759 pluralitas
912 3685 956 3733 ac
982 3679 1112 3735 sancta
1139 3660 1374 3735 conversatio
1401 3660 1499 3736 hunc
1530 3687 1723 3736 numerum
1750 3663 1968 3735 canonicum
1997 3659 2121 3734 multis
2139 3660 2235 3735 dulci
2255 3663 2387 3736 indixit

396 3790 589 3874 suavitate,
618 3805 795 3884 tanquam
814 3804 851 3860 et
869 3784 1047 3883 reliquam
1065 3784 1306 3883 disciplinam,
1326 3787 1397 3860 sub
1414 3814 1489 3885 qua
1506 3789 1678 3861 nimirum
1693 3786 1822 3886 regula
1840 3787 1960 3860 nullus
1978 3788 2165 3860 invenitur
2181 3787 2300 3861 lassus
2315 3818 2322 3875 ;
2349 3807 2386 3863 et

393 3941 476 3988 cum
495 3933 599 3989 tanta
616 3912 804 4011 pluralitas
822 3936 950 3986 eorum
969 3909 1026 3999 sit,
1054 3913 1105 3984 ita
1135 3928 1175 3985 ut
1203 3911 1302 3986 mille
1330 3912 1500 3987 Abbates
1527 3915 1601 3987 sub
1626 3939 1699 3987 uno
1727 3912 2030 3986 Archimandrita
2056 3939 2139 3987 esse
2170 3914 2383 3994 reserantur.

394 4040 492 4115 nulla
510 4042 559 4114 ibi
577 4068 600 4113 a
627 4040 840 4113 conditione
871 4038 1030 4111 coenobii
1057 4039 1153 4111 inter
1178 4038 1272 4111 duos
1306 4038 1514 4113 Monachos
1533 4041 1614 4112 rixa
1631 4040 1744 4112 luisse
1762 4040 1877 4113 fertur
1894 4040 1997 4124 visa;
2023 4039 2124 4136 quod
2142 4039 2222 4112 sine
2243 4040 2317 4113 Dei
2336 4040 2385 4113 ibi

393 4166 623 4241 habitatione
646 4165 803 4238 dicentis
820 4164 925 4259 ‘Ego
943 4165 983 4237 in
1000 4160 1053 4236 eis
1069 4163 1244 4250 habitabo,
1264 4173 1301 4237 rt
1327 4162 1426 4236 inter
1449 4164 1533 4238 illos
1559 4165 1756 4252 ambulabo,
1787 4175 1823 4238 et
1849 4190 1912 4238 ero
1940 4165 2093 4237 illorum
2114 4166 2227 4251 Deus,
2256 4174 2293 4239 el
2314 4167 2390 4261 ᾤετ’

392 4303 503 4366 erunt
529 4293 627 4365 milri
637 4289 838 4388 populus*
863 4316 946 4363 esse
973 4314 1047 4362 non
1073 4308 1185 4385 posse
1213 4288 1450 4362 manifestum
1477 4307 1543 4363 est.
1600 4290 1740 4364 Merito
1770 4290 1894 4387 itaque
1922 4309 2127 4375 creverunt,
2148 4308 2186 4364 et
2207 4291 2382 4386 quotidie.

397 4419 483 4492 Deo
510 4418 658 4515 gratias,
692 4432 871 4500 crescunt,
893 4416 929 4487 in
959 4440 1117 4512 quorum
1136 4415 1260 4488 medio
1293 4414 1399 4488 Deus
1417 4413 1581 4488 habitat:
1624 4441 1781 4513 quorum
1800 4416 1940 4490 meritis
1966 4439 2174 4489 mereamur
2200 4413 2334 4489 salvari
2363 4444 2386 4490 a

397 4543 593 4619 Salvatore
612 4561 750 4616 nostro.
804 4537 975 4613 Amen.’'⁵

494 4669 669 4767 Fleming
686 4666 773 4740 calls
792 4667 865 4738 this
883 4664 1036 4762 chapter
1063 4665 1267 4762 ‘prolixum
1294 4666 1431 4762 pariter
1448 4684 1486 4739 et
1504 4666 1725 4753 obscurum,'
1750 4667 1823 4739 and
1850 4666 1943 4740 later
1967 4666 2109 4739 writers
2127 4664 2225 4740 have
2242 4666 2385 4742 echoed

392 4796 451 4869 his
469 4795 678 4892 complaint.
736 4792 800 4865 l·le
818 4791 897 4865 also
915 4790 1002 4864 calls
1020 4792 1202 4864 attention
1221 4809 1261 4864 to
1280 4792 1343 4864 the
1362 4792 1434 4864 fact
1454 4790 1533 4866 that
1552 4793 1579 4865 it
1599 4794 1629 4864 is
1647 4792 1735 4890 only
1753 4790 1867 4866 sound
1887 4793 1923 4865 in
1942 4818 2014 4865 one
2036 4792 2121 4865 MS.
2143 4792 2209 4865 but
2227 4791 2275 4866 he
2293 4795 2384 4867 does

394 4940 458 4996 not
476 4948 525 4995 on
551 4920 632 4994 that
658 4936 814 4992 account
840 4934 996 5015 suggest
1021 4913 1101 4989 that
1121 4918 1155 4989 it
1182 4918 1213 4990 is
1239 4914 1419 5014 spurious.
1478 4918 1543 4991 He
1567 4919 1675 5016 gives
1701 4943 1752 5015 up
1777 4917 1841 4992 the
1867 4936 2024 5015 attempt
2051 4936 2091 4991 to
2117 4918 2265 5014 explain
2285 4920 2321 5003 it,
2342 4945 2384 4992 or

393 5049 517 5121 rather
543 5065 747 5143 postpones
773 5042 837 5117 the
863 5060 1020 5139 attempt
1047 5060 1085 5116 to
1111 5069 1134 5115 a
1159 5043 1299 5116 second
1324 5043 1465 5116 edition
1491 5042 1611 5116 which
1639 5069 1754 5117 never
1778 5045 1890 5118 made
1906 5045 1953 5117 its
1970 5069 2210 5141 appearance.
2275 5044 2385 5118 Alter

395 5174 473 5248 first
491 5172 734 5269 expounding
751 5168 815 5244 the
833 5170 1008 5266 meaning
1025 5169 1069 5241 os
1091 5168 1294 5266 ‘Synaxis’
1322 5167 1370 5242 he
1388 5168 1594 5265 proceeds:

496 5298 689 5395 “Reliqua
714 5323 810 5394 quae
835 5313 1040 5392 sequuntur
1057 5293 1166 5391 hujus
1192 5291 1332 5390 capitis,
1362 5293 1399 5366 in
1425 5290 1560 5391 quibus
1586 5294 1634 5367 de
1661 5293 1894 5369 solemnitate
1928 5293 2047 5367 laudis
2082 5313 2283 5391 perpetuae
2317 5322 2384 5392 per

393 5425 590 5501 duodecim
608 5424 741 5496 choros
759 5418 842 5521 (sic)
860 5420 1064 5504 distributa,
1086 5438 1161 5492 tam
1188 5437 1273 5492 sunt
1297 5420 1455 5492 obscura
1472 5437 1509 5493 et
1528 5421 1706 5507 intricata,
1727 5439 1767 5493 ut
1794 5422 1873 5494 sine
1899 5446 2036 5518 magna
2053 5439 2220 5493 veterum
2247 5421 2383 5494 rituum

394 5571 433 5627 et
450 5550 764 5625 caeremoniarum
783 5546 1096 5644 Congregationis
1118 5545 1367 5619 Luxoviensis
1385 5546 1524 5631 notitia,
1545 5546 1593 5618 ad
1611 5546 1761 5642 plenum
1779 5546 1951 5642 explicari
1971 5571 2046 5618 non
2064 5547 2217 5641 possint.

496 5678 623 5772 Quare
641 5700 724 5746 cum
742 5673 790 5745 ad
808 5697 984 5769 praesens
1002 5673 1098 5743 circa
1123 5670 1215 5744 haec
1242 5697 1315 5744 non
1343 5671 1458 5744 simus
1485 5671 1710 5745 sufficienter
1738 5673 1914 5756 instructi,
1936 5672 1973 5743 in
1991 5669 2091 5743 aliud
2108 5690 2255 5768 tempus
2273 5671 2383 5772 hujus

397 5804 528 5900 capitis
545 5801 756 5874 ulteriorem
775 5797 1046 5894 expositionem
1064 5796 1293 5883 dimittimus
1314 5796 1351 5869 in
1369 5798 1535 5903 secunda
1552 5798 1676 5871 forsan
1695 5797 1858 5871 editione
1875 5797 2199 5895 adjungendam.’'⁶
2307 5826 2310 5831 ·

475 6075 483 6107 ¹
504 6076 576 6133 Luc
592 6073 668 6132 xviii.
689 6093 712 6132 r.
939 6075 951 6108 ³
974 6093 986 6131 r
1004 6073 1109 6132 Thess.
1125 6092 1152 6130 v.
1172 6074 1216 6130 18.
1441 6071 1452 6104 ³
1472 6073 1517 6131 lor
1530 6089 1680 6131 numerus.
1904 6067 1916 6102 ⁴
1936 6068 2031 6129 levit.
2046 6071 2119 6128 xxvi.
2140 6090 2183 6128 12.

474 6182 485 6213 ⁶
508 6183 539 6239 P.
564 6179 754 6256 Flemingius,
783 6180 958 6239 Collectanea
981 6180 1081 6252 Socra,
1099 6177 1231 6251 lovanii,
1259 6180 1344 6253 1667,
1366 6197 1416 6255 pp.
1442 6195 1468 6254 5,
1493 6180 1522 6237 6.
1563 6179 1662 6238 There
1682 6197 1732 6237 are
1752 6195 1841 6253 many
1861 6177 1978 6236 various
1998 6178 2134 6253 readings
2154 6179 2185 6234 in
2207 6177 2257 6235 the
2276 6186 2337 6236 text
2351 6195 2384 6234 as

395 6286 518 6366 printed
533 6287 573 6365 by
588 6288 687 6347 Holst.
704 6297 744 6362 pt.
761 6285 789 6345 ii.
805 6305 833 6363 p.
850 6305 897 6362 93,
912 6284 973 6344 and
988 6286 1018 6343 in
1034 6286 1066 6344 P.
1082 6287 1116 6344 L.
1131 6286 1218 6344 Tom.
1235 6285 1309 6346 lxxn
1324 6286 1381 6345 col.
1399 6304 1466 6344 212.
1709 6282 1720 6312 ⁸
1739 6284 1813 6342 [bed.
1831 6301 1858 6360 p.
1878 6299 1922 6360 15.
