5580 7372
427 651 468 700 12
774 659 932 714 HYMNUS
960 665 1000 715 IN
1028 667 1168 721 NATALI
1196 674 1420 741 MARTYRUM,
1450 680 1522 731 VEL
1549 682 1717 738 SABBATO
1740 688 1793 738 Ao
1821 689 2064 745 MATUTINAM.

423 854 502 932 Fol.
529 858 627 958 12r.]

556 1012 590 1058 v.
620 987 815 1088 AEgyptus
833 991 946 1068 flebat
963 993 1107 1071 fortiter

617 1113 825 1190 Tantorum
843 1119 924 1192 diro
943 1120 1091 1207 lunere;

619 1237 730 1314 Solus
747 1244 936 1339 gaudebat
958 1246 1072 1322 lsrael

615 1364 718 1463 Agni
737 1384 927 1463 protectus
945 1374 1136 1473 sanguine.

538 1617 586 1666 vr.
618 1593 701 1667 Nos
719 1621 830 1669 verus
852 1597 964 1671 lsrael
984 1625 1122 1687 sumus,

616 1719 805 1794 Laetamur
822 1721 859 1795 in
878 1740 925 1811 te,
947 1723 1121 1814 Domine,

614 1844 777 1920 Hostem
795 1867 1015 1944 spernentes
1033 1870 1071 1926 et
1090 1851 1226 1927 malum

612 1970 750 2046 Christi
769 1973 911 2047 defensi
931 1977 1121 2076 sanguine.

521 2193 581 2269 vii.
616 2195 742 2292 Ipsum
761 2198 929 2294 profecto
947 2217 1095 2299 tempus
1112 2219 1171 2278 est

609 2321 697 2416 Quo
715 2349 808 2397 voce
826 2325 1044 2425 evangelica

607 2447 797 2522 Venturus
814 2477 973 2547 sponsus
994 2454 1165 2542 creditur,

610 2573 732 2674 Regni
752 2575 914 2651 coelestis
932 2579 1110 2654 conditor.

506 2793 579 2867 viii.
610 2795 820 2871 Occurmnt
837 2818 976 2873 sanctae
994 2801 1159 2900 virgines

606 2923 769 2997 Obviam
788 2941 875 2998 tunc
892 2927 1079 3015 adventui,

605 3048 809 3124 Gestantes
829 3049 944 3126 claras
962 3051 1163 3151 lampades

607 3174 752 3274 Magno
770 3175 939 3253 laetantes
956 3181 1103 3278 gaudio.

528 3396 575 3470 ix.
607 3396 739 3473 Stultae
757 3427 849 3475 vero
867 3421 1069 3490 remanent,
1089 3431 1173 3501 quae

606 3524 801 3600 Extinctas
820 3527 959 3602 habent
978 3528 1178 3628 lampades

604 3650 759 3725 Frustra
775 3651 966 3750 pulsantes
978 3654 1124 3753 januas,

601 3774 738 3851 Clausa
750 3779 830 3876 jam
849 3780 952 3877 regni
972 3782 1084 3880 regia.

537 4016 571 4062 x.
602 3990 728 4085 Quare
747 3992 944 4091 vigilemus
961 3995 1085 4082 sobrii,

599 4117 803 4192 Gestantes
822 4140 967 4194 mentes
985 4120 1208 4219 splendidas,

598 4242 792 4317 Adventui
810 4263 851 4319 ut
868 4247 958 4343 Jesu

604 4367 730 4467 Digne
749 4394 937 4445 curramus
954 4371 1115 4447 obviam.

523 4590 570 4663 xi.
602 4591 808 4688 Noctisque
827 4593 950 4668 medio
968 4612 1137 4692 tempore

600 4715 735 4789 Paulus
754 4743 903 4816 quoque
920 4738 958 4793 et
977 4719 1097 4794 Sileas

599 4841 789 4916 Christum
808 4843 921 4917 vincti
941 4845 975 4917 in
995 4872 1141 4922 carcere

600 4966 866 5043 Collaudantes
885 4969 993 5046 soluti
1014 4991 1108 5048 sunt.

509 5186 569 5261 xii.
601 5187 723 5262 Nobis
741 5191 901 5264 mundus
919 5189 978 5264 hic
996 5218 1120 5267 carcer
1137 5212 1191 5268 est
1209 5224 1216 5281 ;

597 5313 655 5386 Te
673 5312 875 5401 laudamus,
897 5316 1046 5391 Christe
1067 5318 1183 5408 Deus

597 5438 712 5514 Solve
730 5440 852 5515 vincla
869 5462 1105 5539 peccatorum

599 5567 708 5653 Inte,
730 5567 877 5653 Sancte,
900 5570 1140 5648 credentium.

495 5777 567 5853 xiii.
601 5780 748 5878 Dignos
768 5808 836 5857 nos
856 5784 921 5871 sac,
943 5811 1008 5858 rex
1028 5786 1147 5886 hagie,

596 5905 725 5979 Futuri
745 5909 849 6007 regni
867 5910 1007 6008 gloriae,

591 6030 762 6106 AEternis
780 6054 821 6108 ut
838 6062 1048 6110 mereamur

390 6149 489 6248 [Fol.
516 6156 613 6254 12v.]

590 6284 649 6358 Te
668 6283 838 6361 laudibus
856 6290 1063 6366 concinere.

1566 886 1640 962 xiv.
1670 888 1799 963 Gloria
1820 892 1918 966 Patri
1938 893 2115 993 ingenito,

1666 1014 1797 1090 Gloria
1818 1018 2039 1118 Unigenito,

1666 1140 1784 1215 Simul
1803 1169 1886 1216 cum
1906 1145 2047 1219 Sancto
2064 1145 2205 1244 Spiritu

1666 1265 1711 1339 In
1730 1269 1956 1366 sempiterna
1973 1270 2117 1345 saecula.

1461 1791 1559 1892 [rr]
1613 1793 1785 1869 Hrnrnus
1814 1819 1854 1869 ru
1885 1796 2037 1873 Nurum
2069 1799 2309 1889 Murranum
2340 1826 2414 1877 var.

1660 1920 1836 1997 Sananro
1869 1946 1921 1996 Ao
1953 1946 2195 2001 unrurrunu.

1509 2216 1529 2289 i.
1560 2217 1806 2293 Sacratissimi
1825 2239 2006 2315 martyres
2025 2223 2157 2295 summi
2181 2221 2264 2309 Dei,

1561 2342 1767 2418 Bellatores
1785 2345 1973 2420 fortissimi
1994 2348 2132 2422 Christi
2149 2349 2257 2446 regis,

1561 2469 1813 2545 Potentissimi
1833 2472 1947 2546 duces
1966 2475 2151 2547 exercitus
2173 2474 2256 2559 Dei,

1708 2597 1879 2671 Victores
1899 2599 1934 2670 in
1953 2600 2056 2673 coelis
2078 2599 2163 2673 Deo
2181 2619 2358 2674 canentes

2150 2725 2320 2799 Alleluia.

1494 3022 1527 3095 ii.
1559 3021 1824 3096 Excelsissime
1844 3022 1993 3097 Christe
2011 3022 2188 3097 coelomm
2210 3025 2326 3112 Deus,

1556 3149 1748 3223 Cherubin
1766 3150 1822 3222 cui
1844 3150 1953 3224 sedes
1972 3176 2056 3223 cum
2078 3151 2187 3224 Patre
2206 3177 2320 3237 sacra,

1553 3273 1788 3373 Angelorum
1833 3277 1882 3349 ibi
1927 3295 1964 3349 et
2008 3295 2211 3374 martyrum
2260 3277 2405 3376 fulgens

1604 3400 1748 3486 chorus,

1655 3526 1742 3599 Tibi
1761 3525 1879 3600 sancti
1898 3525 2127 3623 proclamant

2178 3652 2349 3729 Alleluia.

1475 3955 1522 4028 iii.
1554 3953 1757 4053 Magnifice
1809 3970 1849 4027 tu
1900 3954 2001 4051 prior
2057 3953 2223 4028 omnium
2268 3982 2401 4054 passus

1597 4106 1754 4165 crucem,

1547 4209 1623 4304 Qui
1642 4209 1790 4282 devicta
1807 4224 1926 4281 morte
1946 4206 2119 4283 refulsisti
2138 4210 2289 4295 mundo

1546 4335 1761 4408 Ascendisti
1779 4335 1828 4407 ad
1845 4332 1959 4408 coelos
1977 4334 2025 4407 ad
2045 4335 2238 4409 dexteram
2260 4336 2344 4424 Dei,

1697 4460 1786 4533 Tibi
1804 4459 1922 4533 sancti
1941 4458 2173 4556 proclamant

2172 4584 2342 4660 Alleluia.

1469 4857 1515 4930 iv.
1546 4855 1673 4930 Armis
1692 4855 1916 4953 spiritalibus
1935 4856 2076 4929 munita
2094 4873 2219 4930 mente

1543 4981 1717 5080 Apostoli
1735 4983 1852 5056 sancti
1871 4999 1908 5056 te
1926 5001 2013 5055 sunt
2030 4982 2158 5068 secuti,

1543 5108 1618 5204 Qui
1646 5135 1729 5182 cum
1757 5109 1875 5204 ipsam
1902 5107 2020 5181 crucis
2047 5125 2263 5205 paterentur
2298 5133 2395 5183 mor-

1590 5251 1667 5308 tem

1693 5361 1781 5434 Tibi
1800 5360 1917 5435 sancti
1935 5360 2121 5434 canebant

2168 5483 2339 5560 Alleluia.

1477 5819 1511 5866 v.
1541 5791 1702 5877 Christe,
1723 5807 1926 5886 martyrum
1945 5807 1984 5862 tu
2003 5814 2044 5861 es
2062 5787 2211 5884 adjutor
2227 5804 2364 5884 potens

1539 5915 1792 5990 Proeliantium
1811 5934 1939 5988 sancta
1956 5940 2024 6011 pro
2042 5933 2105 5987 tua
2122 5912 2250 6011 gloria,

1538 6043 1614 6138 Qui
1633 6068 1716 6116 cum
1736 6041 1896 6114 victores
1914 6041 2060 6114 exirent
2079 6039 2126 6112 de
2146 6037 2215 6113 hoc
2234 6036 2370 6111 saeculo

1689 6167 1776 6241 Tibi
1797 6167 1914 6240 sancti
1933 6165 2117 6240 canebant

2164 6287 2334 6362 Alleluia.
