5580 7372
997 717 1226 770 BENEDICTIO
1254 715 1387 767 SANCTI
1416 713 1628 764 ZACHARIAE.

417 932 516 1006 xxix.
545 929 743 1004 Accedunt
760 927 794 1001 ei

594 1056 649 1131 Ut
666 1053 798 1128 latroni
817 1076 900 1126 cum
917 1050 1051 1151 gladiis

595 1182 732 1255 Furem
750 1180 897 1254 aeternis

593 1307 795 1381 Tradituro
808 1305 970 1378 aestibus.

431 1580 517 1626 xxx.
547 1549 719 1626 Tandem
738 1550 901 1624 humano

593 1677 771 1752 Traditur
784 1677 934 1774 judici0,

596 1802 748 1877 Mortali
767 1828 855 1901 rege

596 1930 806 2002 Damnatur
823 1946 1033 2025 perpetuus.

421 2179 520 2253 xxxi.
550 2178 660 2253 Cruci
679 2178 846 2252 confixus

598 2303 728 2378 Polum
747 2305 838 2377 mire
856 2305 1029 2392 concutit

596 2430 816 2527 Lumenque
834 2429 921 2504 solis

595 2555 734 2629 Tribus
752 2555 921 2630 obtendit
938 2555 1049 2629 horis.

409 2806 522 2881 xxxii.
553 2807 655 2881 Saxa
672 2824 901 2903 rumpuntur,

597 2931 734 3007 Velum
752 2932 932 3006 scinditur
949 2931 1087 3029 templi,

597 3059 685 3131 Vivi
704 3075 935 3156 consurgunt

600 3184 662 3258 De
679 3183 883 3281 sepulchris
903 3185 1050 3258 mortui.

399 3434 525 3508 xxxiii.
555 3434 757 3509 Corrosum
778 3435 887 3507 nodis

599 3561 722 3634 Annis
741 3561 818 3635 l'ere
836 3559 996 3633 millibus

601 3689 771 3762 Extricat
790 3687 890 3760 senis

603 3812 715 3887 lnleri
734 3811 917 3887 letalibus

399 4066 525 4139 xxxiv.
552 4063 644 4164 [Et]
660 4065 930 4162 protoplastum

598 4191 820 4291 [Probr]osa
837 4191 956 4266 soboli

601 4317 762 4415 Abjecta
781 4316 866 4390 mali
886 4336 1006 4392 morte

602 4443 714 4517 Saeva
732 4442 871 4517 ultrice.

413 4714 526 4763 xxxv,
556 4690 754 4787 Quemque
773 4690 965 4787 antiquum

603 4816 779 4890 Paradiso
798 4815 954 4890 incolam

605 4941 772 5015 Recursu
790 4968 858 5016 suo

603 5067 819 5142 Clementer
835 5067 1004 5141 restituit.
1080 5088 1086 5102 ·

404 5314 528 5387 xxxvi.
560 5312 742 5388 Exaltans
764 5331 874 5410 caput

606 5438 782 5513 Universi
801 5438 965 5536 corporis

608 5564 652 5636 ln
671 5565 855 5638 Trinitate

606 5689 761 5764 Locavit
779 5689 982 5764 ecclesiam.

392 5936 530 6009 xxxvii.
563 5937 606 6009 ln
626 5937 696 6010 hoc
714 5936 859 6011 coelitus

606 6062 719 6158 Jubet
737 6080 863 6159 portas
881 6063 1065 6161 principes

608 6188 703 6285 Regi
721 6214 804 6262 cum
819 6189 928 6262 sociis

605 6312 823 6388 AEtemales
841 6314 1014 6411 pandere.

1412 917 1563 992 xxxviii.
1596 915 1795 990 Errantem
1813 916 1971 1014 propriis

1640 1041 1820 1115 Evehens
1837 1042 2078 1116 centesimam

1639 1167 1819 1264 Supernis
1837 1194 1948 1242 ovem

1641 1294 1820 1367 Humeris
1838 1293 2008 1368 ovilibus

1439 1567 1564 1641 xxxix.
1594 1568 1718 1662 Quem
1737 1583 1979 1663 expectamus

1640 1694 1853 1767 Afluturum
1867 1691 2032 1789 judicem

1638 1821 1785 1916 Justum
1804 1819 1937 1915 cuique

1641 1947 1750 2043 Opus
1767 1971 1875 2018 suum
1894 1944 2059 2017 reddere.

1516 2206 1563 2280 xl.
1596 2208 1715 2307 Rog0,
1736 2234 1847 2305 quam
1865 2213 1978 2286 tantis

1642 2334 1873 2432 Talibusque
1890 2336 2054 2411 donariis

1643 2457 1774 2532 Vicem
1793 2462 1980 2558 condigne

1647 2585 1848 2660 Possumus
1866 2589 2101 2685 rependere?

1368 2757 1469 2854 [Ful.
1490 2758 1567 2857 oa]

1507 2885 1568 2959 xli.
1598 2886 1700 2980 Quid
1719 2904 1795 2961 tam
1814 2889 1989 2964 mortales

1645 3013 1854 3088 Tentamus
1872 3016 2062 3117 micrologi

1650 3138 1814 3214 Narrare
1833 3142 1956 3238 quivit

1646 3264 1743 3358 Qnae
1762 3266 1882 3340 nullus
1900 3268 2076 3342 edicere?

1497 3535 1571 3611 xlii.
1602 3537 1733 3612 Solum
1752 3564 1901 3613 oramus

1650 3664 1748 3750 Hoc,
1770 3664 1942 3763 idemque
1960 3666 2162 3740 maximum
2180 3698 2187 3755 ;

1659 3789 1789 3864 Nostri
1807 3809 1947 3864 aeterne

1653 3915 1851 4004 Miserere,
1872 3916 2046 3991 Domine.

1973 4041 2144 4117 Alleluia

1460 4460 1533 4560 [4.]
1585 4461 1825 4538 Bauaorcrro
1851 4487 1988 4538 snucrr
2016 4465 2235 4540 chuxxrra.

1425 4685 1484 4755 68.
1515 4681 1739 4756 Benedictus
1760 4683 1945 4757 Dominus
1967 4684 2073 4757 Deus
2096 4683 2219 4772 lsrael,
2234 4685 2321 4781 quia

1375 4806 1550 4896 visitavit,
1576 4825 1615 4881 et
1641 4807 1728 4882 lecit
1755 4809 2051 4907 redemptionem
2070 4809 2190 4906 plebis
2220 4835 2320 4896 suae;

1374 4939 1432 5023 69.
1463 4933 1516 5006 Et
1543 4935 1661 5007 erexit
1691 4960 1806 5008 cornu
1834 4933 1962 5008 salutis
1991 4935 2109 5022 nobis,
2141 4936 2177 5008 in
2206 4935 2319 5009 domo

1377 5057 1504 5130 David
1521 5058 1627 5155 pueri
1646 5059 1712 5131 sui.

1425 5204 1482 5277 70.
1513 5183 1618 5258 Sicut
1653 5184 1796 5257 locutus
1839 5202 1897 5257 est
1936 5210 2005 5281 per
2033 5211 2076 5259 os
2106 5204 2317 5260 sanctorum

1375 5309 1637 5406 prophetarum
1667 5336 1828 5397 suorum,
1855 5312 1916 5407 qui
1944 5311 1992 5383 ab
2022 5337 2105 5385 aevo
2122 5329 2230 5398 sunt;
2258 5333 2315 5406 71.

1378 5434 1430 5507 Et
1464 5432 1637 5508 liberavit
1666 5460 1735 5508 nos
1765 5436 1812 5508 ab
1844 5436 2000 5509 inimicis
2029 5437 2174 5522 nostris,
2205 5455 2243 5510 et
2270 5437 2317 5511 de

1376 5585 1485 5633 manu
1504 5561 1670 5633 omnium
1689 5561 1751 5657 qui
1772 5587 1839 5634 nos
1857 5561 2025 5635 oderunt

1427 5707 1484 5780 72.
1505 5685 1568 5759 Ad
1586 5685 1793 5759 faciendam
1806 5687 2094 5761 misericordiam
2106 5714 2189 5761 cum
2207 5689 2317 5784 patri·

1374 5813 1444 5885 bus
1456 5813 1600 5898 nostris,
1614 5830 1652 5886 et
1670 5815 1865 5887 memorari
1884 5815 2096 5888 testamenti
2114 5815 2230 5888 sancti
2249 5815 2316 5887 sui.

1426 5959 1483 6033 73.
1503 5938 1778 6036 jusjurandum,
1797 5940 1898 6037 quod
1912 5942 2052 6038 juravit
2065 5940 2112 6013 ad
2127 5941 2318 6015 Abraham

1374 6081 1517 6162 patrem
1536 6082 1703 6138 nostrum
1721 6066 1891 6139 daturum
1910 6093 1951 6140 se
1970 6067 2086 6141 nobis.

1426 6210 1482 6283 74.
1515 6190 1570 6264 Ut
1587 6191 1667 6265 sine
1686 6192 1828 6277 timore,
1843 6192 1890 6265 de
1904 6193 2074 6266 manibus
2092 6192 2322 6266 inimicorum

1378 6334 1587 6390 nostrorum
1626 6315 1781 6402 liberati,
1824 6318 2030 6392 serviamus
2067 6317 2139 6408 illi;
2194 6339 2249 6412 75.
2282 6319 2324 6392 ln
