5580 7372
622 715 777 767 HYMNUS
805 715 965 779 QUANDO
990 716 1134 767 CEREUS
1164 711 1448 766 BENED1C1TUR:
1485 715 1646 766 HYMNUS
1674 714 1807 765 MEDIAE
1833 714 1978 767 NOCTIS.

504 915 551 987 ix.
582 914 803 988 Sanctorum
821 933 957 1000 custos,

579 1039 718 1114 Rector
735 1066 885 1137 quoque
906 1041 1102 1126 Dominus,

576 1166 675 1239 Vitae
692 1166 867 1263 perennis

578 1291 752 1390 largitor
775 1292 1012 1367 credentibus

513 1598 547 1643 x.
577 1569 780 1645 Coelestem
799 1599 932 1669 panem

581 1697 658 1771 Dat
676 1698 933 1783 esurientibus,

580 1823 641 1896 De
663 1823 765 1897 fonte
786 1824 875 1898 vivo

578 1948 725 2023 Praebct
744 1950 962 2024 sitientibus.

501 2220 547 2293 xi.
577 2218 703 2318 Alpha
721 2239 758 2294 et
777 2220 934 2318 Omega,

581 2347 667 2444 lpse
685 2347 856 2420 Christus
877 2347 1063 2421 Dominus

576 2473 699 2557 Venit,
718 2491 898 2546 venturus

574 2599 746 2694 Judicare
763 2598 943 2673 homines.

326 3047 398 3145 [9.]
443 3047 615 3123 Hvsmus
641 3073 801 3136 Quirino
827 3074 973 3126 carnus
1000 3076 1272 3128 annamcrrrn.

502 3326 522 3398 i.
556 3327 659 3424 Ignis
676 3346 821 3401 creator
838 3328 979 3427 igneus,

554 3451 698 3526 Lumen
717 3453 877 3528 donator
893 3454 1050 3542 luminis,

551 3576 714 3673 Vitaque
733 3579 821 3652 vitae
839 3582 1021 3667 conditor,

553 3703 675 3776 Dator
691 3703 820 3778 salutis
838 3724 875 3779 et
893 3706 1001 3781 salus.

489 3975 522 4047 ii.
555 3975 617 4049 Ne
636 3975 755 4049 noctis
773 3975 882 4074 hujus
899 3976 1037 4074 gaudia

550 4099 651 4200 Vigil
670 4100 818 4175 lucerna
836 4103 993 4187 deserat,

550 4226 626 4321 Qui
645 4227 833 4302 hominem
853 4255 927 4302 non
946 4228 1003 4302 vis
1021 4231 1114 4304 mori

552 4353 615 4425 Da
633 4372 760 4427 nostro
777 4352 901 4428 lumen
921 4356 1071 4452 pectori.

474 4623 521 4695 iii.
553 4623 614 4695 Ex
633 4623 807 4722 AEgypto
825 4624 1070 4723 migrantibus

553 4747 730 4847 indulges
747 4751 934 4847 geminam
953 4752 1121 4849 gratiam,

552 4873 675 4947 Nubis
693 4872 863 4948 velamen
882 4875 1049 4962 exhibes

552 4998 786 5072 Nocturnum
805 4999 928 5074 lumen
950 5003 1118 5101 porrigis.

325 5174 404 5248 Fol.
432 5175 525 5273 rra]

472 5301 518 5374 iv.
551 5302 674 5377 Nubis
692 5302 863 5378 columna
880 5332 948 5403 per
960 5306 1059 5379 diem

548 5428 771 5503 Venientem
790 5431 937 5528 plebem
955 5433 1131 5531 protegis,

552 5553 656 5652 Ignis
673 5552 845 5628 columna
863 5557 910 5629 ad
929 5583 1125 5653 vesperum

551 5677 712 5753 Noctem
731 5679 886 5778 depellis
904 5680 1051 5756 lumine.

485 5981 518 6026 v.
551 5955 584 6027 E
605 5954 754 6029 flamma
771 5957 947 6031 famulum
965 5985 1156 6056 provocas

550 6081 701 6154 Rubum
721 6108 793 6155 non
813 6083 957 6181 spernis
976 6086 1156 6182 spineum,

551 6207 702 6280 Etcum
722 6209 773 6282 sis
792 6208 889 6308 ignis
907 6235 1146 6284 concremans

550 6331 639 6406 Non
657 6333 732 6407 uris
750 6336 851 6432 quod
871 6334 1063 6410 illuminas.

1527 913 1574 986 vi.
1606 914 1709 986 Fuco
1727 913 1884 1010 depasto
1902 912 2029 987 nubilo

1602 1040 1770 1137 Tempus
1787 1039 1952 1112 decoctis
1970 1040 2142 1114 sordibus

1603 1166 1791 1239 Fervente
1809 1165 1949 1239 Sancto
1968 1166 2109 1263 Spiritu

1604 1290 1767 1364 Carnem
1785 1289 1907 1365 lucere
1925 1317 2081 1365 ceream.

1515 1569 1576 1642 vii.
1606 1568 1781 1642 Secretos
1794 1569 1872 1666 jam
1890 1569 2057 1643 condens
2075 1568 2149 1642 savi

1605 1694 1734 1766 Divini
1753 1694 1871 1768 mellis
1890 1693 2024 1768 halitus

1601 1820 1736 1894 Cordis
1754 1846 1958 1918 repurgans
1976 1819 2123 1892 intimas

1600 1945 1727 2020 Verbo
1746 1944 1894 2043 replesti
1913 1943 2072 2019 cellulas.

1502 2218 1574 2291 viii.
1607 2218 1778 2291 Examen
1796 2237 1837 2292 ut
1856 2217 1966 2291 loetus
1985 2218 2073 2293 novi

1602 2345 1682 2418 Ore
1700 2343 1912 2442 praelectum
1931 2345 2062 2443 spiritu

1605 2469 1758 2545 Relictis
1776 2471 1910 2544 coelum
1928 2470 2081 2545 sarcinis

1563 2587 1569 2598 ⁹
1604 2596 1748 2691 Quaerit
1766 2596 1905 2670 securis
1922 2597 2093 2694 pinnulis,

1527 2876 1573 2948 ix,
1604 2872 1735 2948 Gloria
1754 2873 1853 2946 Patri
1873 2872 2050 2971 ingenito,

1602 2998 1733 3074 Gloria
1753 2999 1968 3096 Unigenito,

1604 3124 1723 3200 Simul
1741 3151 1824 3198 cum
1846 3125 1986 3199 Sancto
2005 3124 2156 3221 Spiritu,

1604 3252 1649 3325 In
1668 3251 1895 3348 sempiterna
1913 3248 2056 3323 saecula

1511 3698 1608 3798 [ro]
1662 3699 1836 3773 Hrsmus
1872 3723 2003 3772 arama·
2038 3722 2184 3773 rocus.

1526 3955 1546 4026 i.
1578 3954 1718 4027 Mediae
1737 3955 1855 4027 noctis
1873 3974 2020 4051 tempus
2037 3974 2104 4038 est,

1578 4080 1799 4177 Prophetica
1817 4106 1892 4153 vox
1910 4080 2097 4166 admonet,

1579 4206 1758 4278 Dicamus
1775 4204 1904 4279 laudes
1922 4225 1962 4279 ut
1979 4206 2065 4280 Deo

1578 4333 1677 4404 Patri
1695 4357 1843 4429 semper
1861 4357 1903 4404 ac
1924 4331 2030 4418 Filio,

1514 4580 1546 4651 ii.
1578 4580 1719 4654 Sancto
1736 4607 1885 4678 quoque
1905 4581 2058 4679 Spiritui
2074 4612 2082 4667 ;

1579 4706 1748 4780 Perfecta
1765 4708 1864 4780 enim
1884 4707 2049 4780 Trinitas

1578 4832 1776 4929 Uniusque
1795 4832 2012 4906 substantiae

1575 4958 1782 5032 Laudanda
1800 4959 1907 5032 nobis
1925 4985 2073 5056 semper
2090 4979 2156 5033 est.

1497 5204 1544 5277 iii.
1574 5206 1774 5280 Terrorem
1793 5225 1940 5304 tempus
1957 5206 2028 5280 hoc
2047 5207 2170 5293 habet,

1576 5332 1664 5427 Quo
1684 5358 1768 5404 cum
1787 5352 1953 5406 vastator
1968 5333 2124 5432 angelus

1574 5458 1748 5555 AEgypto
1766 5477 1923 5531 mortem
1938 5458 2069 5544 intulit,

1579 5583 1732 5657 Delevit
1750 5584 2006 5683 primogenita

1499 5837 1545 5908 iv.
1579 5836 1674 5909 Haec
1688 5836 1800 5934 justis
1818 5835 1909 5909 hora
1926 5835 2025 5908 salus
2043 5856 2109 5922 est,

1574 5961 1687 6057 Quod
1707 5961 1843 6034 ibidem
1863 5980 1950 6035 tunc
1969 5962 2125 6060 angelus

1571 6087 1679 6185 [MS.
1703 6087 1754 6159 Et
1772 6112 1866 6182 quos
1885 6087 1983 6160 idem
2002 6107 2089 6160 tunc
2108 6086 2280 6186 angelus]

1573 6213 1700 6285 Ausus
1718 6212 1848 6309 punire
1867 6238 1940 6285 non
1959 6232 2048 6298 erat,

1574 6338 1731 6437 Signum
1751 6337 1952 6412 formidans
1971 6336 2171 6436 sanguinis.

2047 6486 2069 6535 c
2099 6488 2117 6534 2
