5580 7372
390 746 413 815 4
1062 746 1222 799 HYMNUS
1249 748 1277 798 S.
1307 747 1456 798 HILARII
1484 748 1534 796 DE
1560 747 1731 800 CHRISTO.

468 948 541 1022 xiii.
573 947 712 1020 Vinum
731 947 831 1044 quod
849 947 977 1022 deerat
996 948 1137 1046 hydriis

622 1074 762 1148 Mutari
781 1099 878 1170 aqua
890 1074 1009 1171 jubet,

621 1199 772 1297 Nuptiis
791 1226 893 1274 mero
911 1200 1065 1274 retentis

619 1324 858 1424 [Propinat]0
876 1324 1024 1422 populo

469 1583 542 1658 xiv.
568 1582 689 1682 [Pane
708 1585 821 1680 quino
840 1583 957 1682 pisc]e
976 1585 1065 1687 bino

617 1707 811 1807 [Quinque
830 1711 947 1806 pascit
965 1710 1103 1809 mil]lia,

618 1833 804 1932 [Refectis
823 1835 1031 1934 fragmenta
1048 1862 1165 1910 coenae

618 1960 698 2034 Ter
714 1961 903 2057 quaternis
920 1962 1124 2060 corbibus]

392 2110 493 2210 [Fol.
514 2111 591 2209 4r.]

481 2264 542 2312 xv.
571 2238 702 2311 Turba
719 2264 766 2311 ex
785 2239 884 2311 omni
903 2238 1159 2313 discumbente

617 2363 754 2462 Jugem
772 2361 921 2436 laudem
939 2363 1099 2460 pertulit,

619 2488 830 2562 Duodecim
848 2490 948 2564 viros
964 2491 1146 2587 probavit.

621 2614 692 2688 Per
709 2639 803 2711 quos
822 2615 898 2689 vita
915 2615 1077 2690 discitur.

468 2864 541 2936 xvi.
574 2864 635 2936 Ex
650 2864 785 2960 quibus
804 2890 899 2937 unus
918 2866 1104 2940 invenitur

616 2990 754 3063 Christi
774 2991 891 3087 Judas
910 2993 1074 3067 traditor.

620 3116 857 3190 lnstruuntur
875 3119 977 3191 missi
996 3119 1044 3191 ab
1063 3120 1176 3191 Anna

618 3243 820 3316 Proditoris
838 3243 975 3320 osculo

454 3490 539 3563 xvii.
571 3491 754 3564 Innocens
772 3510 901 3589 captus
920 3507 1074 3578 tenetur,

619 3614 703 3689 Nec
722 3643 935 3716 repugnans
954 3617 1108 3703 ducitur,

617 3741 769 3815 Sistitur
786 3741 895 3828 salsis
913 3761 1131 3841 grassantur

615 3866 829 3941 Offerentes
850 3869 994 3944 Pontio,

440 4113 539 4187 xviii.
564 4111 748 4210 [Discutit
766 4113 914 4210 objecta
934 4115 1086 4202 PraeseS,

616 4232 928 4313 Nullum'crimen
948 4241 1098 4327 invenit,

615 4364 693 4438 Sed
712 4391 795 4438 cum
815 4366 923 4439 turba
939 4366 1144 4462 Judeorum

617 4490 689 4563 Pro
708 4488 826 4563 salute
848 4491 1025 4590 Caesaris]

465 4739 537 4814 xix.
570 4739 748 4813 Dicerent
767 4739 957 4814 Christum
977 4742 1200 4840 negandum,

614 4865 754 4938 Turbis
775 4866 935 4941 Sanctus
953 4867 1118 4955 traditur,

619 4989 747 5085 lmpiis
766 4990 890 5065 verbis
906 5010 1134 5090 grassantur,

617 5114 747 5211 Sputa,
767 5115 884 5215 flagra
901 5119 1068 5194 sustinet.

479 5380 537 5427 xx.
570 5355 759 5430 Scandere
777 5383 922 5431 crucem
936 5358 1089 5455 jubetur

619 5481 804 5554 Innocens
822 5509 889 5578 pro
904 5484 1035 5570 noxiis,

617 5606 743 5680 Morte
762 5609 882 5681 carnis
900 5634 1011 5705 quam
1032 5611 1188 5710 gerebat

619 5732 784 5806 Mortem
803 5735 891 5808 vicit
913 5735 1087 5811 omnium.

467 5978 540 6052 xxi.
571 5978 670 6051 Tum
692 5980 817 6055 Deum
836 5981 997 6057 clamore
1016 6010 1154 6084 magno

614 6102 799 6204 [Patr]em
834 6107 1003 6204 pendens
1021 6111 1178 6198 invocat,

615 6230 745 6329 [Mors
763 6232 909 6330 secuta]
926 6235 1094 6309 membra
1112 6234 1250 6310 Christi

616 6355 756 6454 [Laxat
774 6359 901 6432 stricta
919 6360 1091 6460 vincul]a

1503 950 1591 1025 xxii.
1619 949 1714 1024 Vela
1731 948 1859 1047 templi
1877 951 1992 1024 scissa
2009 950 2183 1047 pendent,

1667 1077 1757 1151 Nox
1775 1078 1948 1150 obscurat
1965 1075 2164 1164 saeculum;

1667 1202 1889 1277 Excitantur
1905 1202 1954 1277 de
1970 1202 2173 1299 sepulchris

1667 1327 1821 1401 Dudum
1839 1327 1964 1403 clausa
1981 1354 2145 1425 corpora.

1492 1580 1593 1656 xxiii.
1622 1580 1742 1654 Affuit
1760 1580 1902 1677 Joseph
1920 1581 2074 1666 beatus;

1666 1706 1812 1803 Corpus
1830 1705 1980 1802 myrrha
1996 1706 2168 1803 perlitum

1667 1831 1803 1905 Linteo
1822 1830 1903 1904 rudi
1922 1830 2075 1929 ligatum

1664 1957 1761 2031 Cum
1780 1955 1907 2030 dolore
1924 1955 2099 2030 condidit.

1489 2203 1588 2278 xxiv.
1617 2201 1758 2277 Milites
1775 2228 1924 2276 servare
1942 2227 2075 2300 corpus

1664 2328 1797 2401 Annas
1814 2328 1986 2425 princeps
2004 2326 2179 2425 praecipit,

1669 2455 1724 2528 Ut
1742 2454 1888 2528 videret
1905 2455 1936 2527 si
1955 2454 2131 2552 probaret

1664 2579 1836 2654 Christus
1854 2567 1953 2676 quod
1971 2579 2232 2677 spoponderat.

1503 2855 1590 2905 xxv.
1619 2829 1809 2929 Angelum
1831 2829 1904 2903 Dei
1923 2848 2126 2904 trementes

1663 2956 1781 3030 Veste
1799 2957 1973 3029 amictum
1992 2955 2150 3029 candida

1668 3081 1744 3175 Qui
1763 3081 1924 3154 candore
1942 3080 2118 3154 claritatis

1663 3206 1793 3281 Vellus
1810 3207 1901 3281 vicit
1916 3209 2083 3281 sericum.

1491 3454 1589 3527 xxvi.
1621 3453 1801 3528 Demovit
1819 3479 1950 3527 saxum
1967 3452 2163 3550 sepulchro

1667 3580 1836 3679 Surgens
1855 3579 2027 3654 Christus
2046 3581 2202 3679 integer.

1669 3705 1765 3779 Haec
1784 3705 1876 3779 vidit
1894 3705 2027 3802 Judaea
2043 3706 2214 3791 mendax,

1667 3831 1763 3904 l·laec
1781 3849 1893 3930 negat
1911 3857 1995 3905 cum
2013 3832 2157 3907 viderit.

1476 4080 1588 4154 xxvii.
1620 4079 1804 4178 F[eminae
1822 4080 1998 4178 p]rimum
2016 4082 2230 4182 monendur

1664 4205 1897 4281 Salvatorem
1917 4207 2057 4298 vivere,

1663 4332 1769 4426 Quas
1787 4331 1922 4407 salutat
1942 4333 2021 4430 ipse
2040 4352 2201 4419 moestas,

1664 4456 1838 4554 Complet
1856 4458 1980 4532 tristes
1997 4457 2166 4557 gaudio]

1437 4633 1488 4730 [F
1491 4632 1536 4707 ol.
1557 4632 1635 4730 4v.]

1463 4759 1590 4835 xxviii.
1621 4760 1747 4856 Seque
1766 4787 1788 4834 a
1806 4763 1961 4836 mortuis
1978 4779 2135 4859 paterna

1664 4887 1891 4961 Suscitatum
1910 4889 2066 4962 dextera

1664 5014 1794 5089 Tertia
1810 5016 1871 5090 die
1890 5015 2032 5091 redisse

1666 5140 1826 5215 Nuntiat
1842 5142 2031 5238 apostolis

1490 5363 1588 5439 xxix.
1620 5363 1714 5438 Mox
1731 5365 1880 5440 videtur
1896 5394 1918 5440 a
1935 5368 2055 5443 beatis

1665 5491 1772 5585 Quos
1790 5493 1963 5589 probavit
1982 5493 2167 5586 fratribus

1666 5617 1778 5711 Quod
1797 5618 1954 5693 redisset
1971 5620 2215 5719 ambigentes,

1668 5744 1785 5817 lntrat
1804 5742 1938 5818 clausis
1951 5745 2085 5842 januis,

1503 6013 1591 6063 xxx.
1623 5987 1700 6062 Dat
1718 5988 1857 6064 docens
1875 6008 2061 6087 praecepta
2079 5990 2185 6089 legis,

1668 6114 1744 6189 Dat
1762 6115 1929 6188 divinum
1945 6117 2136 6213 Spiritum,

1665 6241 1844 6337 Spiritum
1866 6241 1940 6315 Dei
1959 6242 2174 6339 perlectum,

1667 6367 1861 6441 Trinitatis
1885 6367 2083 6443 vinculum.
