5580 7372
702 1778 730 1837 I.

403 1974 756 2033 CodexAlexandn·nu51n
771 1978 875 2035 British
889 1981 1021 2037 Museum
1078 1957 1251 2012 Ambrosiizn
1262 1958 1329 2013 MS.
1343 1958 1545 2029 Antiphonary
1557 1956 1585 2011 in
1600 1955 1705 2010 British

1093 2029 1233 2097 Museum,
1246 2031 1319 2084 Add.
1336 2030 1398 2083 MS.
1412 2043 1515 2097 34,209.
1531 2029 1553 2082 F
1555 2029 1599 2083 011.
1617 2041 1693 2095 13311.

601 2049 660 2102 Fol.
677 2052 735 2118 569,
748 2060 773 2104 rt
786 2051 837 2105 col

603 2119 679 2174 Fifth
693 2121 823 2191 Century.

411 2342 432 2382 1.
452 2327 524 2397 Δόξα
535 2328 563 2383 ἐν
575 2329 699 2400 ὑψίστοις
711 2330 773 2406 θεῷ.

409 2439 432 2478 2.
452 2425 494 2478 κὰι
506 2425 549 2478 ε’π1
561 2428 609 2497 γῆς
621 2425 706 2497 εἷρύνη

452 2495 479 2548 ε’ν
491 2494 637 2560 ἀνθρώποις
649 2499 774 2555 εὐδοκείο.

409 2604 432 2658 3.
452 2589 570 2661 ἆινοῦμέν
582 2615 623 2649 σε.

407 2701 432 2752 4.
452 2687 610 2760 ε’νλογοῦμεν
622 2711 664 2744 σε.

410 2794 432 2850 5.
451 2788 649 2852 προσκννοῦμέν
661 2808 702 2841 σε.

408 2878 432 2932 6.
453 2877 642 2952 θεξολογούμέν
654 2904 693 2937 σε.

408 3057 432 3109 7.
453 3043 658 3116 εύχοριστοῦρέν
670 3069 723 3103 σοι.

409 3140 432 3194 8.
453 3140 494 3195 dui
505 3140 551 3209 τὴν
562 3141 679 3214 ρεγαλύν
690 3165 741 3199 σου
754 3144 839 3214 δόξαν.

407 3320 432 3374 9.
452 3305 524 3376 κύριε
535 3310 658 3372 Boethio.

395 3418 433 3458 10.
453 3404 597 3473 ἐπουράνιε.

394 3513 432 3552 11.
452 3497 496 3552 θεὲ
508 3500 594 3571 πατὴρ
606 3505 800 3574 παντοκράτωρ.

395 3609 432 3648 12.
453 3593 524 3666 κύριε
537 3594 576 3650 ύιε
591 3600 724 3669 μονογενῆ.

393 3706 431 3759 13.
451 3688 535 3759 ἰησοῦ
547 3694 651 3762 χριστέ.

393 3800 433 3853 14.
453 3787 495 3840 κὰι
506 3786 579 3858 ἅγιον
590 3792 695 3858 πνεῦμα.

394 3964 432 4020 15.
453 3950 524 4022 κύριε
536 3955 551 4006 ὁ
563 3951 630 4008 θεὸς.

394 4048 431 4103 16.
451 4047 557 4118 όᾶμνὸ1
568 4054 614 4103 τον
628 4048 697 4105 dedu.

394 4157 432 4209 17.
452 4146 467 4197 ὁ
479 4145 533 4200 υἱὸς
544 4150 591 4198 τόυ
603 4146 709 4215 πατρὸς.

393 4240 432 4294 18.
451 4242 465 4293 d
477 4239 554 4309 ἇιρων
565 4241 611 4296 τὰς
623 4241 747 4312 ἁμαρτίας
759 4247 805 4297 τὸυ
819 4244 926 4313 κόσμον.

394 4350 432 4403 19.
452 4336 562 4405 ε’λέησον
575 4336 647 4407 ἡμᾶς.

392 4447 433 4486 20.
453 4431 557 4501 οὸιριον
571 4434 618 4489 τὰς
630 4435 755 4504 ἁμαρτίας
767 4441 813 4490 triu
826 4438 933 4507 κόσμον.

392 4541 433 4580 21.
453 4526 563 4595 ε’λέησον
575 4526 647 4597 inuis.

394 4637 434 4677 22.
454 4623 601 4694 πρόσδεξαι
612 4623 658 4691 τὴν
671 4624 759 4693 δέησιν
770 4625 847 4695 ἡμῶν.

454 4696 469 4746 ti
481 4693 623 4763 καθήμενος
635 4696 662 4749 ἓν
675 4696 746 4764 defin
758 4703 804 4751 τόυ
816 4700 915 4769 πατρός

455 4765 563 4833 ε’λέησον
575 4765 647 4836 ἡμᾶς.

394 5297 435 5351 23.
454 5281 494 5338 ὅτι
506 5282 541 5337 σύ
554 5280 576 5337 h
587 5285 664 5353 μόνος
677 5284 755 5355 ἅγιος.

393 5393 434 5446 24.
453 5376 521 5433 σύῖι
532 5381 609 5449 μόνος
621 5378 715 5451 κύριος.

392 5559 433 5614 25,
453 5545 542 5613 Ιησοῦς
553 5546 671 5617 χρίστοτ.

392 5641 432 5694 26.
453 5641 489 5696 εἷς
501 5640 579 5710 δόξαν
591 5641 653 5696 θεᾶν
665 5645 770 5714 πατρός.
808 5642 881 5714 ἀρήν.

1469 1231 1540 1306 8111
1587 1230 1790 1304 Pinarum.
1832 1229 1966 1304 Texrs
2010 1253 2058 1305 or
2103 1228 2281 1304 ‘Gtonm
2324 1251 2366 1302 1r1

1367 1782 1414 1841 Il.

1247 2114 1539 2239 Elevenili‘ii'entury.¹

1086 2350 1107 2389 1.
1127 2334 1224 2391 Gloria
1235 2340 1264 2390 in
1276 2336 1394 2391 excelsis
1406 2337 1468 2392 deo.

1086 2447 1109 2486 2.
1129 2443 1156 2486 et
1170 2432 1198 2487 in
1210 2442 1285 2487 terra
1316 2450 1352 2486 ax

1128 2503 1288 2558 hominibus
1339 2519 1374 2558 ne
1388 2501 1546 2559 uoluntatis.

1083 2611 1106 2666 3.
1127 2599 1274 2653 laudamus
1286 2608 1321 2653 te.

1085 2710 1110 2761 4
1130 2696 1265 2764 hymnum
1278 2694 1397 2750 dicimus
1410 2694 1469 2749 tibi.

1086 2803 1108 2859 5.
1128 2790 1320 2846 benedicimus
1333 2802 1368 2845 te.

1084 2887 1109 2940 6.
1128 2885 1317 2955 glorificamus

1128 2956 1279 3011 adoramus
1292 2967 1328 3011 te.

1085 3065 1108 3117 7.
1128 3050 1234 3121 gratias
1246 3050 1296 3106 tibi
1308 3050 1426 3120 agimus.

1084 3148 1107 3202 8.
1127 3158 1242 3217 propter
1253 3164 1387 3217 magnam
1399 3145 1517 3216 gloriam
1530 3157 1615 3201 tuam

1084 3326 1109 3380 9.
1129 3312 1243 3367 domine
1256 3329 1310 3367 reru

1071 3424 1109 3462 10.
1129 3408 1247 3477 celestis.

1071 3519 1108 3557 11.
1129 3505 1199 3559 deus
1212 3514 1292 3574 pater
1303 3501 1489 3574 omnipotens.

1070 3616 1108 3655 12.

1070 3711 1109 3765 13.
1130 3695 1210 3751 ihesu
1222 3695 1333 3752 christe.

1069 3807 1109 3860 14
1129 3804 1226 3862 sancte
1238 3791 1359 3863 spiritus

1070 3971 1109 4027 15.
1128 3957 1242 4013 domine
1255 3958 1331 4012 deus.

1071 4055 1109 4108 16.
1130 4053 1202 4107 filius
1216 4053 1309 4123 patris.
1324 4051 1350 4106 ii.

1069 4163 1108 4217 17.
1132 4167 1223 4220 agnus
1236 4149 1289 4204 dei.

1069 4248 1108 4301 18.
1128 4246 1175 4317 qui
1189 4246 1264 4301 tollis
1277 4256 1394 4317 peccata
1406 4246 1511 4301 mundi.

1069 4357 1108 4412 19.
1129 4342 1240 4413 suscipe
1253 4341 1480 4412 deprecationem
1493 4352 1626 4397 nostram.

1066 4455 1107 4493 20.

1066 4550 1107 4589 21.

1067 4645 1107 4685 22.

1129 4700 1176 4771 qui
1190 4701 1272 4755 sedes
1284 4700 1321 4754 ad
1334 4701 1478 4754 dexteram
1492 4700 1585 4770 patris.

1127 4771 1260 4826 miserere
1272 4771 1354 4825 nobis
1367 4771 1392 4825 ii.

1128 4843 1260 4897 miserere
1269 4841 1358 4909 nobis,
1368 4841 1485 4895 subueni
1493 4841 1583 4909 nobis,
1591 4841 1681 4911 dirige

1172 4929 1233 4980 nos,
1253 4929 1390 4967 conserua
1411 4929 1471 4980 nos,
1490 4913 1596 4966 munda
1619 4930 1680 4980 nos,

1172 4982 1289 5063 pacifica
1313 4999 1374 5050 nos,
1400 4982 1435 5036 iii.
1456 4982 1544 5037 libera
1567 5000 1619 5037 nos
1643 4985 1680 5038 ab

1172 5053 1292 5107 inimicis
1324 5070 1342 5107 a
1379 5053 1618 5122 temptationibus,
1643 5055 1681 5107 ab

1172 5123 1311 5189 hereticis,
1321 5125 1358 5178 ab
1369 5123 1482 5193 arianis,
1492 5141 1509 5178 a
1522 5124 1680 5193 sismaticis,

1172 5211 1190 5248 a
1203 5194 1336 5249 barbaris.

1068 5304 1108 5358 23.
1128 5288 1194 5359 quia
1206 5300 1236 5344 tu
1249 5289 1325 5343 solus
1338 5300 1458 5344 sanctus.

1066 5400 1106 5450 24.
1126 5396 1157 5440 tu
1173 5385 1249 5439 solus
1261 5381 1432 5454 [altissimus.

1068 5562 1108 5619 25.
1129 5549 1209 5604 ihesu
1222 5549 1332 5604 christe.

1067 5646 1108 5699 26.
1128 5645 1155 5698 in
1169 5645 1258 5712 gloria
1270 5645 1315 5699 dei
1328 5643 1447 5726 patris]²

1128 5733 1192 5769 cum
1205 5727 1303 5770 sancto
1316 5729 1421 5786 spiritu.

1128 5787 1156 5840 in
1169 5788 1264 5841 secula
1277 5787 1440 5841 seculorum.
1478 5788 1578 5842 Amen.

510 6139 518 6169 ¹
538 6134 578 6189 Cf.
593 6136 747 6201 Thomasii‚
763 6137 856 6208 Opera
867 6143 969 6209 omm'a,
983 6142 1026 6196 ed.
1040 6142 1162 6211 venosi,
1177 6144 1294 6212 Romae,
1311 6145 1383 6210 1748.
1398 6156 1416 6199 t
1431 6145 1466 6200 iii.
1479 6163 1506 6215 p.
1520 6148 1579 6214 613.

509 6210 519 6239 ²
536 6206 597 6283 The
610 6207 719 6260 bottom
732 6207 788 6289 line
801 6210 833 6263 of
843 6212 900 6265 Fol.
919 6227 995 6280 13311.
1009 6214 1145 6267 hasbeen
1160 6215 1221 6269 lost.
1262 6216 1287 6270 lt
1306 6217 1358 6271 has
1377 6218 1449 6271 been
1471 6218 1538 6272 here
1552 6217 1751 6288 conjecturally
1764 6217 1892 6288 supplied
1906 6216 2000 6272 within
2018 6215 2156 6273 brackets.
2196 6218 2259 6272 Thte
2282 6217 2393 6271 Roman

395 6275 536 6330 numerals
550 6280 737 6348 interspersed
752 6297 779 6333 111
794 6281 913 6336 Column
929 6283 965 6336 ll.
979 6301 1027 6339 are
1040 6284 1067 6337 in
1080 6285 1129 6339 red
1143 6285 1197 6339 inlr

1694 1503 1772 1556 oua
1816 1479 1967 1567 Graan,
1996 1502 2072 1554 ona
2107 1479 2353 1566 amioum,

2033 1779 2098 1839 III.

1876 1955 2079 2026 Antiphonaty
2090 1956 2127 2026 os
2137 1955 2260 2025 Bangor.

1802 2026 1883 2081 lrish.
1917 2027 2088 2081 Ambrosian
2103 2025 2227 2094 Library,
2242 2023 2339 2079 Milan.

1936 2098 2062 2223 Seveiriii
2074 2111 2205 2234 &einum

1764 2349 1784 2389 1.
1805 2333 1902 2389 Gloria
1915 2332 1942 2387 in
1955 2331 2072 2388 excelsis
2085 2333 2157 2387 Deo.

1762 2444 1785 2483 2.
1805 2441 1833 2485 et
1846 2429 1874 2483 in
1888 2439 1961 2483 terra
1973 2446 2028 2498 pax

1806 2499 1967 2554 hominibus
1979 2501 2071 2554 bonae
2084 2497 2243 2552 uoluntatis

1762 2609 1785 2663 3.
1805 2595 1952 2648 laudamus
1964 2604 1999 2648 te.

1762 2706 1786 2757 4
1807 2690 2000 2756 benedicimus
2013 2701 2048 2757 te,

1765 2800 1786 2856 5.
1806 2787 1957 2841 adoramus
1970 2798 2005 2841 te.

1763 2884 1787 2937 6.
1807 2882 1997 2952 glorificamus
2009 2893 2044 2937 te.

1807 2953 2021 3022 magnificamus
2033 2964 2069 3007 te.

1763 3063 1786 3115 7.
1806 3049 1912 3120 gratias
1924 3048 2034 3119 agimus
2047 3047 2105 3103 tibi.

1764 3146 1788 3200 8.
1807 3157 1922 3216 propter
1965 3161 2099 3214 magnam
2138 3143 2359 3199 misericordiam

1850 3227 1935 3271 tuam.

1761 3327 1786 3381 9.
1806 3311 1920 3366 domine
1933 3329 1988 3365 reia

1747 3424 1785 3464 10.
1805 3407 1942 3463 coelestis

1746 3520 1785 3559 11.
1806 3505 1875 3558 deus
1887 3515 1968 3575 pater
1979 3501 2165 3572 omnipotens

1747 3616 1785 3654 12.
1807 3600 1931 3655 Domine
1943 3600 1991 3654 filii
2005 3599 2155 3669 unigenite.

1746 3711 1785 3764 13.
1806 3695 1885 3751 ihesu
1899 3696 2009 3751 christe.

1747 3807 1786 3858 14
1807 3802 1903 3846 sancte
1916 3790 2030 3861 spiritus
2042 3790 2096 3845 dei.

1805 3873 1833 3917 et
1846 3879 1945 3916 omnes
1958 3861 2085 3916 dicimus.
2122 3862 2222 3915 Amen.

1744 3971 1783 4026 15.
1803 3956 1934 4012 Domine

1747 4054 1785 4107 16.
1806 4052 1853 4106 filii
1866 4052 1911 4107 dei
1924 4051 2020 4122 patris.

1746 4162 1785 4215 17.
1804 4165 1878 4218 agne
1890 4147 1945 4202 dei.

1746 4245 1784 4297 18.
1805 4243 1853 4314 qui
1866 4242 1939 4297 tollis
1953 4252 2070 4313 peccata
2082 4242 2188 4297 mundi.

1746 4354 1785 4407 19.
1805 4339 1938 4394 miserere
1950 4338 2039 4393 nobis.

1743 4450 1784 4490 20.

1743 4545 1784 4584 21.

1744 4640 1784 4679 22.
1805 4623 1916 4695 suscipe
1928 4624 2084 4679 orationem
2097 4636 2222 4679 nostram

1805 4694 1852 4766 qui
1871 4696 1954 4750 sedes
1978 4697 2015 4749 ad
2037 4697 2181 4750 dexteram
2205 4695 2250 4750 dei
2270 4694 2356 4766 patris

1848 4765 1981 4821 miserere
1993 4767 2083 4821 nobis.

1744 5302 1785 5356 23.
1807 5285 1947 5356 Quoniam
1960 5297 1990 5340 tu
2004 5287 2079 5340 solus
2093 5297 2214 5340 sanctus.
2253 5313 2258 5320 ·

1743 5399 1784 5450 24
1804 5395 1833 5439 tu
1847 5383 1923 5437 solus
1935 5381 2073 5435 dominus.

1804 5466 1834 5509 tu
1847 5455 1923 5508 solus
1935 5452 2082 5523 gloriosus.

1743 5563 1784 5618 25.

1745 5648 1786 5701 26.
1806 5663 1870 5700 cum
1883 5644 1981 5715 spiritu
1995 5655 2100 5699 sancto.

1806 5717 1833 5770 in
1846 5717 1935 5786 gloria
1947 5717 1993 5770 dei
2006 5717 2101 5786 patris,
2139 5716 2238 5770 Amen.
