5506 7356
747 678 1029 756 connec‘nouss
1055 704 1107 753 xo
1135 703 1282 763 paean:

275 900 486 989 ascendisti,
513 921 551 977 et
578 904 752 977 tenebras
770 906 897 978 mundi
926 903 1148 990 illuminasti,
1169 905 1221 977 sic

274 1046 312 1100 et
360 1028 473 1102 corda
512 1048 639 1104 nostra
681 1029 886 1106 illuminare
921 1032 1098 1131 digneris,
1146 1031 1221 1126 Qui

273 1178 419 1252 regnas,
437 1157 505 1229 &c

272 1377 371 1478 [sol

326 1555 438 1630 Nona
473 1558 595 1656 agitur
639 1559 712 1632 diei
748 1559 838 1633 hora
876 1560 922 1632 ad
958 1577 1006 1647 te,
1045 1561 1219 1645 Domine,

272 1680 412 1754 directa
455 1682 734 1779 supplicatione,
780 1711 854 1781 qua
901 1686 1103 1759 cultoribus
1147 1687 1220 1759 tuis

271 1807 399 1879 divina
425 1826 677 1882 monstrantur
703 1809 886 1896 miracula,
917 1828 1043 1885 nostra
1071 1837 1220 1908 quoque

272 1958 400 2006 eorum
428 1932 633 2007 imitatione
659 1934 771 2008 corda
807 1934 980 2022 illumina,
1018 1936 1094 2031 Qui
1139 1963 1220 2037 reg-

273 2083 350 2143 nas,
370 2060 457 2146 &c¹

271 2273 369 2375 [u]

323 2453 548 2550 Vespertina
565 2455 683 2528 oratio
711 2473 837 2529 nostra
854 2456 1031 2532 ascendat
1048 2459 1095 2532 ad
1114 2487 1221 2536 aures

272 2579 409 2652 divinae
428 2580 634 2677 majestatis
653 2599 735 2668 tuae,
755 2598 793 2655 et
821 2582 1024 2658 descendat
1052 2586 1223 2662 benedic-

273 2706 326 2778 tio
352 2724 424 2788 tua,
457 2704 631 2795 Domine,
659 2733 772 2804 super
803 2733 880 2794 nos,
908 2711 1221 2806 quemadmodum

274 2829 506 2927 speravimus
523 2830 561 2904 in
580 2850 627 2915 te,
651 2829 726 2926 Qui
745 2857 889 2930 regnas,
910 2835 978 2908 &c

521 1381 586 1454 ΑΙ)
631 1403 765 1456 110an
810 1407 956 1458 uouxu.

583 2277 649 2351 ΑΙ)
677 2301 951 2354 vssvnxrmxtu.

273 3030 372 3129 [Fol
399 3031 496 3129 ΙΙΙ]

272 3156 370 3255 [32]

328 3335 442 3420 Deus,
462 3335 525 3430 qui
546 3335 819 3410 inextricabiles
837 3338 1010 3412 tenebras
1038 3339 1222 3415 illuminas

275 3453 447 3536 noctium,
466 3453 690 3526 densitatem
709 3452 876 3552 caliginis
896 3454 1090 3541 illustrans,
1111 3459 1223 3532 corda

275 3596 401 3650 nostra
445 3579 481 3651 in
526 3604 639 3674 opere
689 3579 948 3653 mandatorum
992 3601 1138 3657 tuorum
1186 3602 1223 3660 te

275 3730 432 3789 oramus,
456 3705 629 3790 Domine,
650 3705 848 3792 custodias
871 3706 946 3802 Qui
961 3732 1106 3807 regnas,
1121 3711 1187 3785 &c

235 3853 237 3856 >
273 3926 370 4027 [ss]

327 4104 499 4178 Evolutis
525 4129 623 4178 nunc
647 4106 720 4179 diei
748 4109 987 4204 temporibus,
1018 4113 1224 4185 nocturnis·

274 4256 347 4326 que
375 4232 504 4327 spatiis
534 4234 891 4327 supervenientibus,
916 4234 989 4309 Dei
1022 4237 1225 4312 misericor-

276 4357 375 4428 diam
393 4356 644 4453 deprecemur,
661 4376 702 4431 ut
720 4358 881 4456 suppleti
900 4362 1037 4434 divinis
1055 4364 1226 4437 sensibus

275 4481 511 4555 tenebrarum
554 4484 730 4577 operibus
773 4487 984 4560 renuntiare
1028 4490 1223 4585 possimus,

279 4607 353 4701 Qui
369 4633 513 4705 regnas,
534 4609 601 4681 &c

274 4830 371 4930 [ΙΙ]

324 5007 456 5107 [Ant]
512 5009 653 5105 lnjuste
679 5009 833 5108 egimus,
867 5011 1115 5110 [iniquitatem
1147 5015 1231 5089 leci-

274 5134 386 5232 mus]

324 5258 546 5357 [Collatia]
599 5260 806 5334 Redemisti
827 5288 903 5346 nos,
929 5262 1094 5338 Domine
1123 5266 1231 5340 Deus

521 3158 584 3231 An
630 3182 786 3234 nurum
824 3183 970 3235 uocrrs

521 3925 586 4002 ΑΙ)
630 3953 787 4004 unsrun
828 3955 973 4007 uocns

472 4834 537 4906 An
572 4857 695 4907 ascen
731 4857 1025 4911 cnnssnxuuxu.

277 5386 455 5471 veritatis,
476 5385 512 5458 in
532 5404 596 5459 tuo
614 5403 743 5459 sancto
762 5387 952 5485 sanguine,
975 5414 1072 5463 nunc
1094 5390 1232 5488 adjuva
1289 5428 1291 5449 ι

279 5534 346 5584 nos
359 5511 395 5582 in
407 5510 589 5596 omnibus,
610 5511 700 5607 Jesu
720 5511 879 5598 Christe,
901 5514 976 5608 Qui
997 5539 1141 5614 regnas,
1161 5517 1227 5591 dcc.

325 5659 459 5760 [Ant]
521 5662 598 5734 Pax
644 5660 760 5735 multa
805 5662 1045 5763 diligentibus
1090 5664 1230 5766 [legem

279 5804 379 5860 tuam
394 5815 402 5872 ;
420 5803 457 5860 et
476 5813 549 5860 non
568 5806 626 5861 est
644 5785 713 5859 illis
732 5787 975 5889 scandalum}

325 5936 544 6035 [Collatia]
598 5938 676 6011 Pax
695 5957 768 6024 tua,
785 5939 959 6026 Domine,
978 5967 1042 6014 rex
1061 5940 1226 6029 caelestis,

278 6079 493 6159 permaneat
524 6088 673 6159 semper
707 6063 744 6136 in
775 6064 980 6139 visceribus
1012 6066 1156 6153 nostris,
1189 6087 1230 6143 ut

279 6213 353 6261 non
410 6188 606 6261 timeamus
652 6214 676 6262 a
721 6191 853 6264 timore
908 6211 1101 6282 nocturno,
1154 6194 1229 6289 Qui

280 6338 423 6412 regnas,
444 6313 510 6388 dte.

1318 698 1442 752 CREDO
1459 703 1466 749 :
1502 692 1621 749 PATER
1648 699 1804 751 NOSTER.

1596 1104 1743 1176 lucum
1771 1102 1997 1176 Svunonuu.

1319 1101 1416 1200 [ss-l

1370 1301 1494 1375 Credo
1538 1302 1574 1375 in
1617 1302 1743 1375 Deum
1781 1302 1928 1375 Patrem
1964 1301 2269 1397 omnipotentem,

1320 1425 1552 1516 invisibilem,
1572 1429 1737 1501 omnium
1753 1446 2004 1501 creaturarum
2019 1425 2219 1499 visibilium
2233 1444 2271 1499 et

1320 1552 1557 1626 invisibilium
1577 1552 1817 1627 conditorem.

1371 1674 1494 1751 Credo
1512 1695 1550 1752 et
1576 1679 1612 1751 in
1638 1677 1768 1773 jesum
1796 1678 1997 1766 Christum,
2029 1678 2164 1752 Filium
2191 1679 2272 1776 ejus

1319 1805 1477 1890 unicum,
1511 1805 1715 1877 Dominum
1743 1822 1920 1890 nostrum,
1954 1805 2079 1878 Deum
2104 1806 2271 1903 omnipo-

1320 1948 1470 2016 tentem,
1491 1948 1711 2026 conceptum
1730 1929 1778 2004 de
1796 1930 1939 2028 Spiritu
1964 1930 2113 2017 Sanct0,
2144 1950 2272 2006 natum

1319 2055 1366 2129 de
1388 2055 1508 2127 Maria
1528 2056 1692 2153 Virgine,
1714 2081 1864 2151 passum
1883 2055 1952 2128 sub
1982 2056 2115 2129 Pontio
2144 2055 2272 2144 Pilato,

1319 2181 1382 2276 qui
1401 2179 1596 2253 crucifixus
1614 2200 1652 2254 et
1670 2179 1837 2276 sepultus
1856 2181 2050 2254 descendit
2065 2181 2111 2254 ad
2125 2181 2271 2267 inferos,

1319 2305 1418 2402 [Fol.
1458 2306 1554 2404 rou]
1586 2306 1694 2380 tertia
1723 2307 1792 2379 die
1821 2307 2021 2380 resurrexit
2050 2333 2072 2378 a
2107 2307 2272 2393 mortuis

1320 2432 1486 2506 ascendit
1506 2433 1542 2505 in
1570 2431 1682 2517 coelis,
1703 2433 1875 2529 seditque
1902 2432 1949 2505 ad
1976 2432 2169 2506 dexteram
2200 2433 2273 2506 Dei

1324 2558 1442 2632 Patris
1460 2559 1737 2656 omnipotentis,
1758 2558 1894 2632 exinde
1912 2576 2092 2631 venturus
2105 2559 2275 2655 judicata

1323 2685 1429 2758 vivos
1447 2710 1489 2757 ac
1509 2702 1684 2759 mortuos

1371 2809 1495 2883 Credo
1534 2828 1571 2882 et
1616 2811 1652 2882 in
1699 2809 1879 2908 Spiritum
1917 2809 2108 2895 Sanctum,
2149 2811 2273 2884 Deum

1321 2936 1627 3033 omnipotentem,
1648 2962 1759 3012 unam
1792 2934 1993 3009 habentem
2028 2935 2274 3009 substantiam

1322 3086 1406 3133 cum
1428 3060 1544 3147 Patre
1557 3078 1594 3133 et
1614 3058 1720 3133 Fili0.
1777 3060 1953 3134 Sanctam
1973 3085 2056 3133 esse
2079 3060 2273 3135 ecclesiam

1318 3185 1550 3270 catholicam,
1593 3185 1836 3258 abremissam
1880 3204 2126 3282 peccatorum,
2171 3212 2275 3260 sanc-

1321 3330 1443 3383 torum
1461 3311 1771 3396 communionem,
1792 3314 1912 3385 camis
1930 3312 2250 3387 resurrectionem.

1373 3437 1496 3512 Credo
1507 3437 1622 3510 vitam
1637 3455 1721 3533 post
1736 3456 1902 3523 mortem,
1916 3456 1954 3510 et
1965 3438 2081 3511 vitam
2097 3453 2275 3511 aeternam

1323 3563 1358 3634 in
1402 3560 1520 3661 gloria
1564 3561 1713 3637 Christi.
1772 3563 1867 3636 Haec
1911 3564 2036 3636 omnia
2080 3564 2194 3637 credo
2238 3564 2275 3637 in

1326 3689 1460 3762 Deum.
1516 3687 1650 3761 Amen.

1631 4113 1787 4188 Onxrro
1814 4135 1959 4185 Divum.

1320 4108 1420 4211 [36]

1377 4318 1487 4391 Pater
1511 4335 1649 4405 noster,
1671 4317 1733 4412 qui
1760 4341 1801 4389 es
1831 4315 1866 4387 in
1893 4313 2005 4400 coelis,
2026 4314 2277 4388 sanctificetur

1325 4467 1460 4515 nomen
1472 4459 1586 4515 tuum.
1641 4441 1832 4515 Adveniat
1847 4466 2003 4539 regnum
2018 4457 2133 4514 tuum.
2190 4441 2275 4514 Fiat

1325 4567 1497 4642 voluntas
1515 4586 1579 4642 tua
1597 4569 1691 4641 sicut
1710 4569 1746 4640 in
1761 4567 1855 4641 coelo
1866 4585 1904 4640 et
1919 4567 1954 4638 in
1970 4585 2077 4640 terra.
2134 4566 2274 4639 Panem

1326 4713 1492 4768 nostrum
1535 4693 1760 4767 cotidianum
1804 4692 1852 4765 da
1895 4693 2002 4765 nobis
2046 4691 2166 4764 hodie.
2224 4693 2276 4766 Et

1326 4821 1473 4894 remitte
1517 4819 1626 4892 nobis
1669 4819 1796 4891 debita
1832 4834 1967 4903 nostra,
2005 4818 2099 4890 sicut
2134 4835 2172 4890 et
2207 4844 2276 4890 nos

1327 4946 1547 5019 dimittimus
1608 4943 1837 5018 debitoribus
1898 4943 2041 5016 nostris.
2125 4943 2177 5017 Et
2229 4968 2277 5015 ne

1325 5071 1477 5167 patiaris
1516 5094 1584 5143 nos
1620 5068 1741 5141 induci
1777 5068 1814 5140 in
1850 5067 2142 5164 temptationem.
2198 5067 2276 5141 Sed

1328 5196 1443 5271 libera
1462 5222 1529 5269 nos
1546 5221 1569 5268 a
1589 5192 1693 5268 malo

1624 5615 1688 5688 An
1724 5635 1972 5687 Nocrumvnu.

1327 5615 1423 5714 [3)]

1379 5818 1451 5891 Per
1468 5818 1597 5891 horam
1625 5817 1757 5889 mediae
1784 5815 1901 5888 noctis
1929 5832 2016 5886 tunc
2042 5815 2165 5913 gavisi
2192 5829 2283 5889 sunt

1326 5941 1449 6042 angeli
1492 5943 1540 6016 de
1584 5941 1777 6015 nativitate
1823 5939 1977 6013 Domini
2023 5941 2138 6014 nostri
2187 5942 2277 6038 Jesu

1328 6069 1466 6162 Christi
1482 6097 1490 6155 ;
1518 6066 1617 6167 [Fol.
1647 6064 1745 6165 zon]
1775 6068 1826 6140 ita
1853 6087 1891 6142 et
1919 6094 1987 6143 nos
2017 6067 2131 6142 laetari
2165 6071 2278 6146 debe-

1326 6222 1409 6269 mus
1444 6195 1481 6268 in
1517 6213 1580 6267 tua
1615 6219 1716 6291 pace,
1756 6195 1994 6292 omnipotens
2041 6195 2158 6281 Deus,
2201 6197 2276 6292 Qui

1325 6346 1469 6421 regnas,
1492 6318 1561 6396 dre.
