5580 7372
905 720 1063 775 HYMNUS
1090 715 1225 768 SANCTI
1253 710 1416 763 PATRlCll
1445 705 1625 758 MAGISTRI
1653 702 1864 755 SCOTORUM.

431 1108 525 1210 [13.]
556 1108 730 1182 Hnunus
754 1106 899 1180 Snucn
920 1102 1093 1174 Pnrmcu
1113 1117 1294 1170 nnotsnu

752 1231 974 1305 Scoronuu.

490 1414 512 1487 i.
542 1411 683 1487 Audite
701 1435 833 1484 omnes
850 1422 1021 1482 amantes

545 1539 671 1612 Deum
689 1553 818 1609 sancta
837 1532 968 1607 merita

542 1664 621 1737 Viri
641 1663 677 1735 in
697 1661 848 1736 Christo
866 1658 977 1744 beati,

546 1788 692 1863 Patricii
711 1786 885 1884 episcopi,

545 1913 746 2011 Quomodo
763 1913 903 1985 bonum
921 1909 971 1984 ob
990 1926 1112 1982 actum

547 2039 738 2117 Similatur
755 2035 911 2136 angelis,

548 2167 828 2260 Persectamque
841 2177 994 2258 propter
1010 2158 1125 2232 vitam

545 2293 736 2388 AEquatur
753 2285 942 2385 apostolis

480 2497 514 2569 ii.
547 2497 666 2568 Beata
684 2490 822 2566 Christi
842 2487 1004 2562 custodit

550 2609 734 2695 Mandata
752 2617 788 2689 in
806 2614 990 2697 omnibus,

548 2746 665 2841 Cujus
684 2768 798 2839 opera
817 2737 1002 2838 refulgent

551 2861 662 2936 Clara
680 2861 776 2933 inter
793 2856 975 2939 homines,

550 2988 804 3081 Sanctumque
823 2983 926 3079 cujus
940 2995 1146 3077 sequuntur

553 3111 778 3209 Exemplum
798 3108 1001 3191 mirificum,
1021 3137 1023 3141 ·

557 3240 670 3314 Unde
688 3257 726 3312 et
745 3239 781 3311 in
800 3234 903 3310 coelis
924 3235 1074 3307 Patrem

553 3363 798 3464 Magnificam
821 3359 1036 3435 Dominum.

473 3594 519 3666 iii.
549 3592 736 3666 Constans
756 3590 792 3662 in
814 3588 887 3661 Dei
907 3586 1040 3659 timore

555 3718 606 3792 Et
624 3716 699 3790 lide
719 3710 929 3796 immobilis,

554 3844 678 3940 Super
694 3867 805 3939 quem
820 3837 1026 3912 aedificatur

557 3970 612 4044 Ut
634 3970 785 4043 Petrum
804 3964 971 4047 ecclesia,

556 4096 747 4193 Cujusque
765 4090 1013 4189 apostolatum

407 4221 506 4324 [Fol.
533 4218 627 4320 14r.]

555 4348 592 4420 A
614 4348 701 4420 Deo
719 4344 871 4418 sortitus
890 4358 957 4425 est,

561 4474 603 4546 ln
622 4473 727 4568 cujus
745 4487 862 4567 portae
880 4467 1079 4540 adversum

562 4598 700 4672 Inferni
720 4622 793 4670 non
812 4590 1025 4692 praevalent.
1072 4588 1077 4601 '

480 4851 526 4922 iv.
559 4847 748 4922 Dominus
766 4842 866 4916 illum
886 4839 1000 4938 elegit

562 4973 618 5047 Ut
635 4973 787 5044 doceret
804 4969 979 5042 barbaras

562 5100 756 5181 Nationes,
775 5114 812 5170 ct
828 5096 985 5192 piscaret

563 5227 634 5299 Per
651 5223 828 5297 doctrinae
848 5220 948 5303 retia,

564 5351 615 5423 Et
633 5349 680 5423 de
699 5346 833 5421 saeculo
851 5344 1046 5419 credentes

562 5476 746 5551 Traheret
764 5473 811 5546 ad
829 5471 998 5571 gratiam,

566 5601 772 5676 Dominum
790 5598 852 5694 qui
874 5609 1117 5691 sequerentur

564 5728 704 5803 Sedem
725 5724 772 5796 ad
791 5721 1001 5795 aetheream.

494 5995 527 6040 v.
560 5965 694 6039 Electa
712 5961 852 6036 Christi
871 5957 1012 6033 talenta

562 6092 704 6165 Vendit
721 6086 947 6187 evangelica,

566 6217 662 6311 Quae
684 6215 874 6289 Hibernas
889 6213 985 6284 inter
1000 6227 1134 6310 gentes

565 6345 659 6415 Cum
677 6341 797 6414 usuris
816 6339 942 6436 exigit,

1588 908 1623 980 N
1628 907 1741 1005 avigii
1761 905 1870 1002 hujus
1887 903 2023 977 laboris

1589 1031 1624 1104 T
1628 1057 1690 1104 um
1709 1056 1833 1128 operae
1851 1029 2011 1126 pretium

1593 1159 1690 1232 Cum
1710 1157 1861 1232 Christo
1879 1156 1983 1254 regni
2002 1153 2168 1229 coelestis

1595 1284 1839 1357 Possessurus
1854 1282 2044 1380 gaudium.

1513 1536 1561 1608 vi.
1593 1533 1735 1608 Fidelis
1756 1534 1829 1608 Dei
1848 1535 2027 1620 minister,

1597 1662 1834 1760 Insignisque
1853 1661 2015 1746 nuntius,

1592 1786 1855 1885 Apostolicum
1874 1785 2088 1882 exemplum

1593 1913 1625 1986 F
1629 1938 1847 2009 ormamque
1865 1911 2008 2009 praebet
2027 1912 2145 1991 bonis,

1596 2039 1671 2134 Qui
1691 2057 1766 2112 tam
1784 2038 1910 2112 verbis
1928 2064 2040 2135 quam
2060 2055 2097 2112 et
2115 2038 2223 2111 sactis

1596 2165 1698 2239 Plebi
1717 2165 1893 2260 praedicat
1916 2164 1999 2251 Dei,

1597 2292 1652 2366 Ut
1666 2317 1778 2388 quem
1799 2291 1907 2364 dictis
1926 2316 2001 2364 non
2020 2291 2204 2364 convertit

1596 2418 1713 2491 Factu
1732 2433 1911 2514 provocet
1929 2416 2038 2490 bono.

1506 2645 1566 2716 vii.
1597 2641 1765 2716 Gloriam
1786 2642 1899 2716 habet
1917 2668 2001 2715 cum
2021 2641 2174 2716 Christo

1600 2768 1797 2842 Honorem
1818 2769 1854 2840 in
1874 2767 2025 2853 saeculo,

1597 2894 1672 2988 Qui
1692 2893 1739 2966 ab
1756 2893 1928 2966 omnibus
1948 2912 1987 2967 ut
2008 2891 2082 2968 Dei

1598 3019 1809 3093 Veneratur
1824 3019 1990 3118 angelus

1599 3144 1722 3238 Quem
1745 3145 1852 3218 Deus
1866 3146 1965 3218 misit
1983 3164 2024 3221 ut
2045 3147 2199 3222 Paulum

1598 3271 1661 3344 Ad
1679 3291 1813 3370 gentes
1831 3270 2053 3367 apostolum,

1601 3398 1657 3472 Ut
1675 3398 1887 3471 hominibus
1905 3397 2078 3474 ducatum

1601 3525 1788 3598 Praeberet
1807 3550 1924 3623 regno
1945 3526 2029 3599 Dei.

1499 3750 1572 3824 viii.
1605 3750 1770 3824 Humilis
1792 3752 1864 3824 Dei
1884 3752 1933 3825 ob
1951 3769 2092 3827 metum

1602 3877 1742 3974 Spiritu
1760 3895 1798 3950 et
1815 3903 1980 3975 corpore,

1601 4004 1725 4100 Super
1742 4029 1853 4100 quem
1872 4004 2012 4078 bonum
2031 4007 2080 4080 ob
2099 4027 2220 4082 actum

1605 4129 1821 4225 Requiescit
1842 4131 2037 4216 Dominus,

1603 4255 1794 4352 Cujusque
1807 4255 1910 4353 justa
1924 4257 1960 4328 in
1979 4283 2089 4333 carne

1604 4381 1744 4455 Christi
1763 4399 1887 4478 portat
1905 4381 2092 4481 stigmata,

1607 4508 1659 4582 Et
1676 4507 1781 4603 cujus
1799 4506 1879 4581 sola
1895 4524 2110 4585 sustentans

1604 4632 1795 4707 Gloriatur
1813 4635 1849 4707 in
1868 4660 1985 4710 cruce.

1440 4893 1441 4896 ¹
1531 4861 1577 4932 ix.
1611 4860 1776 4959 Impiger
1793 4861 1988 4936 credentes
2005 4865 2124 4962 pascit

1606 4985 1778 5083 Dapibus
1795 4984 2020 5078 coelestibus,

1609 5112 1672 5185 Ne
1690 5113 1752 5209 qui
1772 5112 1946 5187 videntur
1963 5138 2047 5187 cum
2067 5115 2219 5192 Christo

1609 5238 1653 5310 ln
1672 5237 1733 5310 via
1747 5237 1931 5324 deficiant,

1609 5364 1756 5459 Quibus
1775 5384 1905 5464 erogat
1923 5384 1964 5440 ut
1981 5392 2098 5464 panes

1608 5490 1734 5563 Verba
1752 5490 1977 5587 evangelica,

1611 5615 1663 5688 Et
1681 5616 1785 5712 cujus
1804 5614 2092 5712 multiplicantur

1612 5741 1667 5815 Ut
1687 5767 1823 5814 manna
1842 5742 1877 5814 in
1898 5743 2076 5817 manibus.

1545 5987 1577 6032 x.
1611 5960 1770 6034 Kastam
1790 5963 1853 6058 qui
1873 5964 2036 6038 custodit
2055 5992 2204 6042 carnem

1611 6078 1675 6150 Ob
1693 6104 1857 6152 amorem
1879 6081 2042 6169 Domini,

1611 6203 1735 6298 Quam
1753 6230 1902 6279 carnem
1921 6208 2101 6306 templum
2119 6214 2263 6309 paravit

1612 6329 1826 6426 Sanctoque
1846 6332 2012 6428 Spiritui,
