5580 7372
392 724 436 774 10
674 719 723 769 ΤΕ
751 718 858 770 DEUM
886 715 1118 771 LAUDnut's:
1155 712 1314 764 111'1111118
1342 708 1501 774 QUANDO
1528 701 1813 757 COMMUNICANT
1841 695 2091 749 SACERDOTES.

389 1234 488 1334 [Fol.
534 1233 632 1332 lon]

522 1411 593 1511 [7.]
622 1413 795 1486 Hvunus
824 1433 864 1482 111
893 1433 960 1483 uus
990 1409 1201 1483 Domi-ici.

442 1685 613 1759 Laudate
641 1682 744 1781 pueri
774 1682 1001 1756 Dominum:
1028 1680 1176 1754 laudate
1202 1702 1338 1752 nomen

394 1811 557 1885 Domini.
638 1834 666 1883 1.
713 1809 773 1882 Te
835 1809 960 1881 Deum
1029 1806 1244 1880 laudamus:
1301 1822 1338 1876 te

393 1938 597 2011 Dominum
617 1935 844 2009 confitemur.

442 2088 473 2136 2.
503 2063 563 2135 Te
581 2078 760 2135 aeternum
783 2060 931 2133 Patrem
949 2058 1070 2132 omnis
1088 2075 1186 2132 terra
1210 2080 1342 2128 vener·

390 2209 480 2263 atur.
529 2212 561 2281 3.
608 2187 695 2260 Tibi
731 2211 862 2259 omnes
897 2183 1030 2282 angeli,
1068 2183 1134 2258 tibi
1170 2181 1264 2271 coeli,
1301 2203 1339 2254 et

390 2315 573 2388 universae
592 2330 807 2410 potestates,

441 2465 475 2533 4.
505 2440 592 2512 Tibi
632 2438 819 2511 Cherubin
847 2454 885 2510 et
913 2435 1096 2532 Seraphin
1133 2432 1340 2508 incessabili

391 2592 484 2641 voce
508 2564 759 2662 proclamant:
788 2585 819 2657 5.
842 2562 1013 2648 Sanctus,
1035 2561 1205 2646 Sanctus,
1225 2560 1340 2634 Sanc-

393 2712 462 2777 tus
486 2691 673 2765 Dominus
694 2689 800 2762 Deus
819 2688 997 2763 Sabaoth.

442 2825 475 2894 6.
508 2816 611 2890 Pleni
630 2833 716 2888 sunt
734 2813 817 2888 coeli
835 2832 873 2888 et
891 2814 1064 2887 universa
1081 2827 1179 2886 terra
1200 2811 1341 2885 honore

391 2944 520 3044 gloriae
538 2960 621 3017 tuae.

445 3092 476 3164 7.
506 3070 565 3144 Te
582 3068 767 3168 gloriosus
779 3065 1031 3164 apostolorum
1046 3064 1190 3140 chorus.
1233 3067 1265 3137 8.
1283 3063 1345 3135 Te

393 3195 657 3293 prophetarum
675 3193 869 3266 laudabilis
888 3218 1071 3266 numerus.

443 3346 476 3414 9.
507 3322 566 3395 Te
593 3338 795 3416 martyrum
820 3318 1038 3392 candidatus
1065 3316 1190 3389 laudet
1208 3315 1345 3388 exerci-

394 3466 463 3521 tus.
514 3471 566 3522 1o.
613 3447 673 3520 Te
715 3472 783 3543 per
824 3444 954 3518 orbem
993 3462 1173 3518 terrarum
1216 3460 1344 3515 sancta

394 3572 591 3647 confitetur
607 3571 771 3647 ecclesia.

451 3724 505 3774 11.
536 3700 684 3772 Patrem
700 3697 890 3770 immensae
909 3695 1123 3793 majestatis.
1151 3715 1204 3766 12.
1224 3691 1346 3765 Vene

397 3825 552 3899 randum
571 3844 675 3898 tuum
693 3848 822 3897 verum
840 3821 1073 3921 unigenitum
1097 3817 1242 3893 Filium.

396 3950 497 4048 [Fol.
531 3949 628 4048 1012]
660 3974 711 4044 13.
741 3950 920 4022 Sanctum
947 3972 1095 4043 quoque
1124 3944 1346 4018 Paraclitum

400 4077 591 4174 Spiritum.
624 4100 676 4168 14.
707 4075 769 4149 Tu
788 4101 853 4148 rex
870 4073 1008 4172 gloriae,
1025 4071 1184 4145 Christe.

454 4222 507 4296 15.
536 4203 598 4275 Tu
633 4201 752 4275 Patris
783 4200 1030 4297 sempiternus
1056 4224 1097 4272 es
1127 4195 1252 4271 Filius.
1290 4201 1344 4269 16.

399 4327 462 4402 Tu
481 4328 528 4401 ad
548 4326 780 4401 liberandum
803 4325 982 4398 mundum
1011 4322 1205 4420 suscepisti
1233 4321 1346 4395 homi-

399 4480 496 4528 nem.

452 4580 541 4653 Non
575 4577 748 4652 horruisti
776 4576 943 4675 Virginis
969 4594 1123 4649 uterum.
1185 4594 1238 4666 17.
1272 4570 1346 4656 Tu,

400 4705 548 4779 devicto
584 4704 712 4778 mortis
738 4702 876 4787 aculeo,
910 4700 1085 4798 aperuisti
1112 4698 1349 4772 credentibus

403 4858 520 4931 regna
537 4830 723 4904 coelorum.

457 4961 510 5032 18.
541 4957 601 5029 Tu
620 4956 667 5029 ad
684 4956 875 5030 dexteram
907 4953 981 5027 Dei
1007 4952 1143 5026 sedens
1169 4951 1206 5023 in
1232 4949 1351 5051 gloria

406 5082 534 5156 Patris.
595 5106 648 5173 19.
676 5081 799 5178 Judex
817 5078 979 5153 crederis
997 5103 1080 5152 esse
1098 5093 1287 5151 venturus.

457 5233 513 5283 20.
543 5208 603 5281 Te
621 5233 712 5304 ergo
730 5230 954 5303 quaesumus‚
979 5203 1087 5277 nobis
1109 5203 1181 5277 tuis
1207 5201 1353 5276 famulis

405 5333 572 5421 subveni,
593 5359 687 5430 quos
706 5331 870 5429 pretioso
888 5330 1069 5428 sanguine
1088 5329 1286 5403 redemisti.

458 5485 515 5534 21.
545 5459 707 5533 AEterna
749 5456 972 5555 [Aeternam
1016 5453 1123 5552 MS]
1169 5454 1226 5528 lac
1270 5478 1353 5527 cum

406 5585 543 5660 sanctis
560 5584 633 5683 [in]
650 5582 770 5682 gloria
786 5582 931 5683 [gloriae
952 5580 1058 5678 MS]
1076 5579 1269 5655 munerari.

460 5736 515 5784 22.
547 5709 701 5785 Salvum
720 5709 776 5782 fac
795 5707 971 5805 populum
993 5727 1106 5793 tuum,
1129 5705 1302 5794 Domine,
1321 5720 1359 5778 et

407 5836 564 5910 benedic
582 5835 789 5908 haereditati
807 5852 890 5908 tuae.
948 5858 1003 5928 23.
1036 5834 1087 5907 Et
1109 5857 1197 5929 rege
1218 5856 1295 5918 eos,
1321 5849 1359 5904 et

409 5961 545 6037 extolle
564 5961 644 6035 illos
663 5986 782 6057 usque
801 5961 837 6034 in
857 5959 1041 6034 saeculum.

462 6112 518 6180 24.
551 6087 621 6161 Per
638 6085 804 6184 singulos
822 6087 902 6159 dies
921 6085 1176 6159 benedicimus
1198 6101 1245 6157 te.
1302 6105 1357 6175 25.

415 6214 465 6286 Et
483 6212 676 6285 laudamus
695 6236 831 6285 nomen
853 6229 957 6285 tuum
978 6211 1015 6283 in
1037 6228 1231 6293 aeternum,
1259 6225 1297 6280 et
1325 6207 1360 6279 in

411 6337 584 6413 saeculum
603 6335 737 6412 saeculi.
792 6338 929 6412 Amen.

1490 918 1545 986 26.
1578 910 1673 997 Fiat,
1708 905 1881 990 Domine,
1911 898 2162 976 misericordia
2188 915 2252 970 tua
2277 919 2390 992 super

1438 1064 1516 1125 nos,
1536 1032 1852 1134 quemadmodum
1870 1028 2102 1128 speravimus
2120 1025 2158 1098 in
2176 1040 2224 1099 te.

1521 1359 1593 1460 [8.]
1647 1357 1819 1433 Hrunus
1847 1376 2003 1441 Qunnno
2029 1372 2309 1426 conuumcnnr

1789 1503 2038 1555 sncennorus.

1641 1689 1664 1763 i.
1692 1686 1821 1761 Sancti
1839 1684 1975 1768 venite,

1691 1810 1829 1886 Christi
1849 1834 1982 1906 corpus
2000 1807 2144 1891 sumite,

1692 1939 1870 2012 Sanctum
1888 1935 2060 2008 bibentes

1693 2064 1780 2158 Quo
1799 2061 1981 2157 redempti
2003 2059 2237 2157 sanguinem.

1629 2289 1662 2363 ii.
1692 2286 1834 2362 Salvati
1857 2283 1996 2358 Christi

1693 2415 1860 2510 Corpore
1879 2429 1916 2483 et
1935 2408 2127 2509 sanguine,

1692 2540 1728 2611 A
1747 2565 1822 2636 quo
1841 2536 1966 2610 relecti

1694 2665 1842 2739 Laudes
1861 2663 2026 2736 dicamus
2045 2663 2138 2734 Deo.

1444 2820 1541 2919 [Fol.
1569 2816 1665 2916 [ιη]

1620 2945 1666 3017 iii.
1701 2943 1786 3016 Hoc
1809 2955 2042 3014 sacramento

1695 3067 1873 3165 Corporis
1892 3084 1929 3139 et
1951 3064 2142 3164 sanguinis

1696 3194 1842 3269 Omnes
1859 3191 1960 3266 exuti

1695 3319 1759 3392 Ab
1778 3318 1910 3392 inferni
1929 3315 2106 3389 saucibus.

1622 3543 1669 3614 iu.
1702 3539 1822 3612 Dator
1839 3536 1967 3611 salutis

1696 3664 1878 3751 Christus,
1900 3661 2016 3737 Filius
2037 3660 2111 3735 Dei

1699 3792 1884 3865 Mundum
1903 3788 2062 3863 salvavit

1701 3918 1773 3990 Per
1790 3942 1936 3989 crucem
1955 3932 1992 3988 et
2011 3912 2231 4010 sanguinem

1636 4172 1669 4218 v.
1701 4144 1773 4217 Pro
1791 4141 1974 4215 universis

1702 4268 1919 4342 lmmolatus
1940 4265 2125 4340 Dominus

1703 4396 1716 4467 l
1722 4421 1789 4492 pse
1807 4392 1981 4468 sacerdos

1702 4522 1841 4595 Existit
1860 4537 1897 4594 et
1916 4519 2045 4592 hostia.

1627 4745 1673 4818 vi.
1706 4743 1810 4841 Lege
1828 4760 2055 4839 praeceptum

1705 4866 1891 4941 lmmolari
1910 4865 2060 4950 hostias,

1704 4995 1790 5089 Qua
1807 4992 2073 5065 adumbrantur

1709 5119 1845 5192 Divina
1864 5118 2047 5215 mysteria.

1619 5348 1678 5421 vii.
1711 5345 1823 5419 Lucis
1842 5341 2003 5416 indultor

1707 5474 1758 5546 Et
1776 5470 1938 5546 salvator
1954 5467 2119 5542 omnium

1711 5599 1928 5673 Praeclaram
1948 5596 2085 5669 sanctis

1711 5726 1885 5824 Largitus
1907 5740 1963 5797 est
1984 5721 2151 5821 gratiam.

1611 5951 1685 6025 viii.
1713 5949 1907 6023 Accedant
1925 5972 2057 6021 omnes

1714 6077 1810 6148 Pura
1827 6091 1952 6147 mente
1969 6069 2117 6156 creduli,

1713 6202 1871 6276 Sumant
1888 6217 2064 6272 aeternam

1714 6327 1852 6401 Salutis
1871 6324 2086 6399 custodiam.
