5580 7372
1207 643 1504 698 INTRODUCTION.
2225 654 2302 700 XXV

456 849 634 923 “Cursus
662 849 881 924 Scottorum.
938 849 1052 924 Unde
1078 866 1116 922 et
1142 847 1254 922 alium
1280 876 1437 936 cursum,
1466 850 1529 947 qui
1556 849 1689 923 dicitur
1715 851 1900 946 praesenti
1928 868 2095 948 tempore
2123 852 2346 934 Scottorum.

351 1000 448 1072 quae
466 976 513 1048 sit
531 976 706 1072 opinione
728 976 898 1073 jactatur.
954 975 1032 1050 Sed
1046 975 1177 1048 beatus
1194 975 1345 1049 Marcus
1366 973 1635 1073 Evangelista,l
1651 977 1745 1049 sicut
1759 976 1870 1050 refert
1883 977 2085 1074 josephus2
2095 995 2132 1051 et
2148 978 2350 1052 Eusebius³

353 1101 389 1172 in
407 1119 540 1198 quarto
567 1101 670 1187 libr0,
692 1118 810 1175 totum
837 1101 1055 1199 Aegyptum
1074 1100 1134 1174 vel
1164 1099 1309 1174 ltaliam
1336 1099 1457 1174 taliter
1482 1100 1789 1197 praedicaverunt
1815 1103 1909 1175 sicut
1935 1129 2047 1176 unam
2076 1102 2282 1177 Ecclesiam
2309 1122 2349 1177 ut

352 1227 473 1299 omnis
492 1226 661 1313 Sanctus,
682 1226 742 1300 vel
762 1226 892 1301 Gloria
910 1228 947 1300 in
967 1224 1138 1300 Excelsis
1160 1227 1255 1312 De0,
1277 1225 1337 1300 vel
1357 1226 1538 1300 Oratione
1559 1227 1767 1312 Dominica‚
1785 1244 1822 1300 et
1841 1227 1975 1314 Amen,
1990 1230 2152 1302 universi
2172 1247 2247 1303 tam
2266 1231 2345 1315 viri,

351 1378 463 1448 quam
482 1352 666 1425 foeminae
683 1352 933 1426 decantarent
988 1353 1114 1426 Tanta
1132 1352 1199 1426 fuit
1213 1378 1280 1425 sua
1291 1352 1518 1448 praedicatio
1529 1353 1641 1426 unita.
1698 1353 1749 1426 Et
1767 1372 1898 1450 postea
1915 1355 1952 1426 in
1974 1354 2080 1428 ltalia
2099 1355 2348 1453 Evangelium

352 1504 399 1550 ex
416 1504 482 1551 ore
502 1479 600 1552 Petri
621 1478 793 1575 Apostoli
811 1478 937 1552 edidit.
1767 1464 1773 1475 ¹

455 1604 593 1677 Beatus
632 1605 875 1678 Hieronimus
901 1603 1089 1690 affirmat,4
1115 1605 1235 1701 ipsum
1264 1629 1421 1690 cursum,
1449 1604 1512 1701 qui
1540 1603 1673 1677 dicitur
1708 1606 1894 1700 praesenti
1930 1623 2098 1702 tempore
2136 1606 2343 1692 Scotorum,

351 1729 482 1803 beatus
511 1730 662 1803 Marcus
688 1729 911 1816 decantavit,
933 1752 971 1803 et
996 1746 1082 1827 post
1118 1730 1238 1826 ipsum
1274 1729 1481 1827 Gregorius
1520 1729 1790 1816 Nazianzenus,
1823 1757 1935 1828 quem
1968 1732 2210 1805 Hieronimus
2238 1759 2346 1806 suum

352 1855 568 1953 magistrum
595 1881 678 1928 esse
704 1854 873 1929 affirmat.
930 1856 981 1929 Et
1006 1856 1137 1929 beatus
1167 1855 1335 1941 Basilius
1357 1856 1470 1928 frater
1486 1856 1602 1951 ipsius
1620 1856 1737 1929 sancti
1757 1857 1940 1954 Gregorii,
1961 1857 2177 1944 Antonius,⁵
2198 1858 2342 1945 Paulus,

352 1980 550 2066 Macarius
571 1980 630 2054 vel
654 1981 849 2067 lohannes,
870 1998 908 2055 et
929 1980 1129 2063 Malchus‚⁵
1148 1981 1351 2055 secundum
1369 1980 1538 2054 ordinem
1559 1982 1710 2054 Patrum
1727 1981 2029 2056 decantaverunt

454 2106 549 2180 Inde
574 2125 706 2204 postea
735 2107 986 2180 beatissimus⁶
1014 2107 1226 2193 Cassianus,
1255 2107 1318 2204 qui
1349 2107 1542 2180 Linerensi
1571 2104 1653 2205 (sic)
1684 2108 1909 2181 monasterio
1944 2108 2094 2181 beatum
2133 2109 2344 2183 Honorium

351 2230 479 2306 habuit
498 2257 718 2329 comparem.
776 2233 827 2306 Et
845 2251 929 2330 post
949 2234 1068 2329 ipsum
1093 2234 1224 2306 beatus
1254 2233 1473 2305 Honoratus
1498 2233 1638 2328 primus
1656 2232 1761 2318 abba,
1783 2251 1820 2306 et
1849 2235 1886 2307 S.
1909 2233 2106 2306 Caesarius
2135 2234 2344 2332 Episcopus

350 2358 413 2454 qui
440 2358 508 2431 fuit
534 2358 571 2430 in
598 2358 761 2444 Arelata,
790 2376 828 2432 et
854 2359 986 2432 beatus
1015 2357 1224 2432 Porcarius⁷
1249 2358 1376 2444 abbaS,
1405 2359 1468 2455 qui
1500 2359 1537 2430 in
1572 2359 1654 2454 ipso
1688 2361 1913 2432 monasterio
1940 2359 2017 2445 fuit,
2048 2361 2168 2456 ipsum
2197 2387 2344 2434 cursum

349 2482 650 2570 decantaverunt,
681 2486 744 2582 qui
772 2485 923 2558 beatum
955 2485 1101 2581 Lopum
1130 2483 1202 2582 [et]
1230 2484 1380 2557 beatum
1413 2484 1647 2557 Germanum
1677 2484 1881 2557 monachos
1909 2486 1945 2557 in
1973 2511 2101 2559 eorum
2120 2489 2345 2560 monasterio

350 2607 567 2684 habuerunt.
625 2610 676 2683 Et
706 2611 774 2706 ipsi
803 2610 873 2683 sub
902 2636 1069 2683 normam
1101 2609 1216 2708 reguli
1247 2611 1367 2706 ipsum
1395 2635 1542 2682 cursum
1572 2609 1709 2682 ibidem
1736 2610 2038 2697 decantaverunt,
2069 2630 2107 2685 et
2141 2631 2273 2708 postea
2307 2614 2344 2686 in

350 2736 585 2831 episcopatus
613 2735 790 2809 cathedra
817 2738 951 2809 summi
980 2736 1132 2809 honoris
1160 2735 1424 2832 perseverandi
1453 2735 1659 2808 sanctitatis
1686 2760 1813 2808 eorum
1832 2753 1918 2809 sunt
1944 2736 2079 2833 adepti.
2137 2738 2188 2811 Et
2214 2757 2345 2836 postea

350 2861 386 2932 in
408 2861 607 2934 Britanniis
625 2861 684 2934 vel
717 2862 853 2936 Scotiis
883 2863 1198 2958 praedicaverunt,
1227 2887 1323 2959 quae
1349 2861 1439 2933 Vita
1456 2861 1634 2934 Germani
1656 2861 1833 2958 Episcopi
1851 2862 2180 2949 Autisiodorensis,
2200 2883 2238 2937 et
2256 2864 2344 2938 Vita

348 2986 446 3059 beati
486 2988 581 3083 Lupi
617 2986 822 3060 adfirmant.
879 2987 953 3081 Qui
989 2987 1140 3060 beatum
1178 2984 1391 3060 Patricium⁸
1424 2985 1636 3082 spiritaliter
1670 2986 1810 3060 litteras
1844 3013 1968 3061 sacras
1998 2989 2202 3063 docuerunt
2232 3007 2344 3088 atque

349 3112 603 3198 innutrierunt,
635 3131 672 3186 et
701 3114 820 3210 ipsum
854 3113 1084 3209 Episcopum
1119 3138 1187 3209 pro
1221 3137 1349 3185 eorum
1384 3112 1659 3207 praedicatione
1693 3111 2027 3209 Archiepiscopum
2063 3115 2099 3186 in
2135 3113 2271 3188 Scotiis
2306 3135 2343 3190 et

351 3238 551 3311 Britanniis
568 3257 793 3335 posuerunt;
819 3240 882 3336 qui
901 3240 994 3311 vixit
1012 3263 1129 3311 annos
1148 3238 1228 3323 cliii,
1249 3256 1287 3310 et
1305 3238 1424 3333 ipsum
1444 3263 1590 3310 cursum
1610 3237 1747 3310 ibidem
1765 3238 1985 3312 decantavit.

450 3364 502 3437 Et
520 3383 605 3460 post
623 3365 744 3461 ipsum
763 3365 894 3437 beatus
913 3363 1197 3438 Wandilochus⁹
1211 3389 1335 3448 senex,
1357 3381 1394 3436 et
1413 3363 1544 3436 beatus
1563 3363 1839 3461 Gomogillus,¹⁰
1851 3366 1913 3461 qui
1933 3364 2140 3439 habuerunt
2159 3367 2196 3439 in
2214 3393 2341 3440 eorum

348 3491 573 3564 monasterio
625 3488 828 3563 monachos
881 3491 1025 3564 circiter
1066 3491 1136 3562 tria
1177 3489 1299 3561 millia.
1370 3489 1463 3561 Inde
1505 3488 1637 3561 beatus
1681 3488 1950 3563 Wandilochus
1993 3491 2030 3563 in
2072 3493 2343 3588 praedicationis

348 3616 590 3689 ministerium
609 3642 632 3688 a
649 3617 759 3689 beato
778 3616 994 3714 Gomogillo
1012 3617 1146 3689 missus
1164 3633 1230 3700 est,
1252 3633 1289 3688 et
1308 3616 1439 3688 beatus
1458 3614 1712 3687 Columbanus
1730 3615 1895 3711 partibus
1915 3616 2118 3690 Galliarum
2135 3647 2143 3704 ;
2169 3619 2342 3693 destinati

347 3760 433 3814 sunt
471 3741 724 3840 Luxogilum¹¹
756 3744 1029 3828 monasterium,
1059 3760 1096 3815 et
1132 3741 1269 3814 ibidem
1304 3741 1425 3838 ipsum
1460 3766 1607 3813 cursum
1641 3741 1943 3816 decantaverunt.
2010 3742 2061 3815 Et
2092 3743 2178 3816 inde
2212 3762 2344 3841 postea

429 4152 438 4184 ¹
460 4149 583 4212 Cassian
605 4152 671 4210 tells
685 4170 720 4209 us
734 4150 827 4209 about
842 4151 884 4210 St.
900 4150 1006 4208 Mark:
1037 4150 1134 4208 ‘Nam
1155 4168 1224 4208 cum
1246 4146 1276 4208 in
1298 4147 1467 4225 primordiis
1489 4147 1559 4208 fidei
1579 4146 1666 4225 pauci
1688 4149 1810 4225 quidem
1832 4149 1886 4208 sed
1907 4147 2105 4224 probatissimi
2126 4148 2341 4207 monachorum

349 4259 472 4318 nomine
486 4269 684 4331 censerentur,
700 4256 751 4333 qui
766 4259 842 4316 sicut
856 4276 874 4315 a
891 4257 996 4315 beatae
1017 4254 1178 4315 memoriae
1200 4256 1389 4332 Evangelista
1411 4257 1524 4328 Marco,
1540 4253 1592 4331 qui
1613 4256 1725 4331 primus
1746 4255 1963 4314 Alexandrinae
1978 4253 2043 4313 urbi
2058 4253 2190 4330 pontifex
2206 4252 2339 4329 praefuit,

348 4384 484 4425 normam
498 4382 654 4440 suscepere
669 4361 796 4435 vivendi,
813 4364 878 4422 &cst
919 4361 980 4439 (De
993 4361 1143 4421 Institutis
1160 4362 1373 4433 coenobiorum,
1391 4361 1455 4419 Lib.
1471 4362 1500 4419 ii.
1515 4379 1579 4436 cap.
1598 4361 1638 4436 5.)

426 4471 437 4503 ²
457 4471 521 4530 Not
543 4469 706 4529 identified.
750 4471 782 4528 Is
803 4469 862 4528 this
886 4468 1037 4544 Josephus
1062 4468 1113 4527 the
1136 4466 1285 4543 Egyptian
1302 4467 1449 4526 anchoret
1472 4466 1539 4545 (4th
1560 4467 1653 4544 cent.)
1668 4484 1753 4525 some
1766 4466 1802 4525 of
1817 4466 1917 4526 whose
1930 4463 2048 4543 sayings
2061 4483 2112 4524 are
2125 4466 2282 4541 preserved
2303 4466 2343 4544 by

347 4576 471 4636 Cassian
487 4574 517 4634 in
532 4576 578 4634 his
592 4575 740 4635 sixteenth
754 4576 814 4635 and
830 4575 1025 4634 seventeenth
1047 4574 1238 4634 Collations?

426 4684 437 4716 ³
458 4682 605 4741 Eusebius
626 4682 692 4741 tells
707 4701 742 4740 us
756 4681 820 4740 that
841 4682 882 4740 St.
900 4681 989 4739 Mark
1010 4680 1159 4756 preached
1181 4680 1232 4737 the
1253 4679 1367 4755 Gospel
1380 4677 1412 4736 in
1427 4680 1524 4755 Egypt
1538 4679 1599 4737 and
1614 4679 1747 4738 founded
1761 4678 1813 4737 the
1827 4678 1947 4738 Church
1963 4679 1997 4737 of
2014 4677 2201 4736 Alexandria.
2245 4675 2339 4752 (Hist.

346 4788 452 4847 Eccles.
470 4788 533 4847 Lib.
550 4787 579 4846 ii.
594 4807 659 4864 cap.
679 4784 739 4863 16.)
782 4788 834 4845 He
848 4786 922 4846 does
937 4797 990 4845 not
1004 4784 1141 4845 mention
1157 4786 1242 4862 Italy.

426 4893 438 4926 ⁴
459 4895 487 4953 It
501 4894 555 4952 has
569 4904 623 4952 not
637 4893 714 4952 been
730 4893 823 4952 found
838 4891 970 4968 possible
984 4903 1016 4951 to
1030 4889 1123 4968 verify
1137 4891 1196 4949 this
1210 4891 1367 4967 quotation
1382 4891 1458 4949 from
1472 4890 1513 4949 St.
1529 4892 1658 4966 Jerome.

425 5004 468 5044 ⁵-⁵
488 5001 537 5058 All
552 4997 699 5076 Egyptian
714 5018 749 5058 or
763 4997 865 5074 Syrian
879 4999 1056 5057 anchorites.
1099 4998 1156 5057 See
1170 4995 1266 5056 Smith
1280 4998 1341 5056 and
1355 4998 1469 5056 Wace's
1484 4998 1562 5055 Diu.
1577 4997 1615 5072 os
1631 4996 1784 5056 Chn'stian
1799 4996 1883 5071 Biog.
1899 4996 1944 5054 for
1958 4995 2043 5054 dates
2056 4994 2116 5053 aud
2130 4995 2244 5054 details.

426 5109 437 5138 ⁶
458 5107 524 5165 The
544 5104 657 5181 epithet
680 5103 905 5164 ‘beatissimus’
927 5103 1072 5163 indicates
1093 5121 1111 5161 a
1132 5104 1241 5179 special
1262 5103 1365 5179 regard
1387 5104 1433 5161 for
1453 5101 1586 5174 Cassian,
1608 5103 1675 5161 who
1696 5102 1720 5160 is
1741 5103 1812 5161 here
1832 5100 1988 5161 described
2003 5119 2036 5159 as
2050 5101 2101 5159 the
2122 5101 2185 5158 link
2206 5099 2339 5158 between

347 5214 472 5272 Eastem
487 5211 698 5283 monasticism,
715 5211 776 5269 and
791 5211 842 5269 the
858 5211 974 5269 earliest
988 5207 1134 5268 monastic
1149 5221 1274 5284 systems
1288 5209 1323 5268 of
1341 5209 1427 5280 Gaul,
1443 5208 1513 5278 and,
1528 5208 1655 5284 through
1667 5209 1754 5280 Gaul,
1770 5209 1805 5267 of
1820 5207 1911 5266 Great
1926 5207 2039 5264 Britain
2054 5207 2114 5265 and
2129 5205 2257 5264 Ireland

425 5318 435 5350 ⁷
455 5316 530 5376 This
545 5336 667 5394 passage
682 5335 778 5375 seems
792 5328 824 5375 to
838 5317 942 5375 favour
955 5317 1007 5375 the
1021 5315 1205 5391 chronology
1219 5314 1315 5373 which
1329 5314 1428 5389 places
1443 5314 1494 5373 the
1508 5315 1688 5389 martyrdom
1703 5315 1738 5373 of
1755 5315 1796 5374 St
1813 5313 1975 5385 Porcarius,
1990 5311 2084 5371 abbot
2099 5312 2133 5371 of
2151 5311 2262 5383 Lerins,
2278 5311 2338 5369 and

345 5426 391 5484 his
405 5424 601 5499 companions
616 5424 646 5480 in
661 5422 712 5480 the
728 5422 792 5480 fifth
808 5433 931 5497 century
945 5432 975 5479 at
989 5420 1041 5479 the
1055 5421 1152 5479 hands
1166 5420 1201 5479 of
1218 5418 1361 5480 Genserie
1375 5420 1435 5478 and
1449 5421 1501 5479 the
1515 5420 1657 5478 Vandals.

424 5534 436 5565 ⁸
455 5529 522 5587 The
536 5526 769 5603 Archbishopric
783 5530 815 5587 of
833 5529 874 5587 St.
891 5525 1017 5599 Patrick,
1033 5527 1084 5586 the
1108 5524 1262 5585 extension
1277 5526 1312 5584 of
1329 5523 1375 5584 his
1399 5524 1449 5585 life
1463 5540 1495 5585 to
1513 5544 1568 5602 153
1590 5544 1681 5602 years,
1707 5526 1767 5584 and
1789 5526 1834 5583 his
1855 5522 1979 5584 mission
2000 5524 2076 5583 from
2097 5523 2147 5583 SS.
2171 5522 2338 5581 Germanus

343 5636 404 5695 and
419 5637 522 5710 Lupus
535 5653 585 5693 are
600 5633 800 5693 unhistorical.

424 5739 670 5799 'Wandilochus
684 5741 708 5798 is
730 5740 826 5798 stated
848 5737 878 5796 in
899 5738 950 5798 the
972 5748 1041 5798 next
1062 5748 1202 5798 sentence
1223 5748 1255 5796 to
1276 5738 1352 5796 have
1373 5737 1450 5796 been
1471 5756 1530 5797 one
1551 5738 1587 5797 of
1602 5737 1653 5796 the
1670 5733 1800 5818 [twelve]
1814 5736 2011 5812 companions
2025 5736 2060 5794 of
2076 5735 2117 5793 St
2134 5733 2339 5794 Columbanus

343 5847 429 5907 when
450 5847 488 5906 he
509 5847 561 5905 left
582 5848 700 5923 Bangor
720 5847 765 5905 for
785 5846 836 5905 the
856 5846 1030 5906 Continent.
1083 5845 1136 5903 He
1156 5845 1180 5902 is
1202 5844 1341 5903 identical
1362 5845 1430 5904 with
1453 5845 1504 5903 the
1524 5844 1725 5915 Waldolenus,
1740 5843 1906 5919 frequently
1926 5841 2099 5900 mentioned
2119 5840 2159 5916 by
2181 5837 2337 5908 Mabillon‚

344 5954 457 6012 Annal.
479 5953 585 6011 Bened.
607 5953 697 6023 Paris,
724 5969 808 6026 1703.
851 5953 938 6010 Tom.
955 5952 972 6009 i.
989 5970 1017 6026 p.
1036 5968 1102 6026 295,
1119 5967 1175 6009 nc.
1191 5953 1259 6023 611,
1277 5949 1342 6009 Lib.
1358 5970 1384 6009 tt
1400 5969 1464 6028 cap.
1482 5968 1528 6027 53.
1571 5951 1628 6010 See
1641 5950 1705 6008 also
1719 5968 1767 6026 pp.
1786 5968 1852 6025 294,
1866 5951 1932 6024 296,
1946 5966 2012 6024 313·
2052 5947 2200 6023 Margaret
2222 5945 2337 6015 Stokes,

344 6060 402 6117 Six
415 6059 537 6117 Montlts
551 6060 582 6116 in
603 6059 650 6116 the
664 6058 837 6134 Apennt'rtes,
854 6058 991 6130 London,
1011 6059 1097 6132 1892,
1112 6075 1161 6133 pp.
1177 6076 1284 6132 11²·3·

426 6163 447 6198 ¹⁰
467 6163 662 6240 Gomogillus,
678 6165 723 6222 ie.
740 6165 782 6223 St.
797 6163 943 6239 Comgall.

426 6268 445 6301 ¹¹
466 6268 541 6329 This
555 6269 580 6329 is
596 6270 721 6329 Luxeuil
735 6270 765 6328 in
781 6267 1042 6331 Franche-Comte.
