5580 7372
1272 719 1560 772 COLLECTIONES.

392 1069 484 1173 [55]
715 1067 779 1139 An
807 1087 1017 1137 immunes.

443 1248 645 1321 AEternum
669 1244 816 1318 virtutis
843 1262 916 1316 tuae
943 1267 1089 1323 nomen,
1108 1240 1345 1336 omnipotens

396 1376 511 1459 Deus,
530 1398 690 1459 oramuS,
713 1371 766 1444 uti
794 1396 861 1443 nos
889 1387 1090 1464 martyrum
1117 1383 1155 1440 et
1181 1367 1346 1439 omnium

394 1518 605 1574 sanctorum
633 1517 780 1572 tuorum
807 1496 948 1569 meritis
974 1494 1105 1577 socios,
1126 1491 1200 1565 fide
1227 1517 1345 1589 pareS,

396 1625 492 1726 [Fol.
518 1622 615 1724 22r.]
669 1623 870 1696 devotione
884 1639 1065 1701 strenuos,
1078 1618 1255 1716 passione
1264 1642 1349 1690 con-

394 1753 541 1838 similes,
597 1752 634 1824 in
687 1748 954 1823 resurrectione
1015 1743 1174 1819 felicium
1236 1744 1348 1816 facias

394 1877 587 1975 coaequari,
608 1877 682 1971 Qui
703 1901 846 1973 regnas,
865 1875 932 1947 &c

647 2128 748 2227 [Pno
777 2120 1097 2223 adamantinus]

401 2127 495 2230 [ψ]

446 2301 578 2405 [Ant]
648 2306 830 2378 Miserere
867 2304 949 2387 mei,
991 2303 1106 2385 Deus,
1144 2299 1347 2373 secundum

397 2458 572 2531 magnam
593 2428 897 2530 [misericordiam
916 2426 1047 2524 tuam]

450 2583 630 2686 [Oratio]
684 2583 836 2667 Tribue,
854 2582 1028 2665 Domine,
1042 2578 1192 2652 veniam
1205 2596 1349 2674 petent-

399 2711 481 2784 ibus
500 2730 537 2784 te
555 2737 602 2783 ex
622 2709 695 2782 fide
714 2707 919 2782 secundum
940 2731 1115 2804 magnam
1145 2705 1349 2778 misericor-

400 2837 499 2909 diam
518 2853 632 2919 tuam,
652 2835 768 2919 Deus,
790 2832 865 2928 Qui
884 2857 1029 2930 regnas,
1052 2832 1119 2903 &c

401 3080 497 3180 [sa]

455 3258 584 3331 Media
619 3274 728 3332 nocte
755 3256 915 3333 clamore
956 3258 1063 3343 sactu,
1090 3254 1170 3356 [da]
1207 3273 1248 3329 ut
1284 3281 1351 3328 nos

401 3384 634 3457 inveniamur
651 3385 767 3482 parati
788 3410 937 3482 sponso
959 3384 1034 3480 Qui
1055 3409 1199 3482 regnas.
1221 3382 1287 3455 &c

402 3629 496 3733 [58]

626 3085 673 3178 ᾖ
700 3083 765 3155 Ao
793 3105 1041 3156 xocruxuxx.

710 3636 775 3707 An
802 3657 1045 3708 maturruau.

458 3782 1354 3883 &mmmmmmoemfflwfflm

406 3909 595 3995 debemus,
634 3926 672 3984 et
706 3928 745 3984 tu
777 3912 898 3984 excita
925 3911 972 3984 de
1000 3912 1106 4010 gravi
1142 3901 1283 3996 somno,
1317 3929 1355 3984 et

404 4033 521 4110 libera
538 4036 585 4110 de
604 4062 738 4134 sopore
768 4038 910 4110 animas
939 4057 1092 4122 nostras,
1114 4054 1154 4110 ut
1181 4039 1217 4110 in
1245 4036 1355 4110 cubil-

406 4162 487 4235 ibus
500 4164 635 4236 nostris
647 4188 949 4262 compungamur,
962 4165 1059 4237 ettui
1074 4190 1157 4236 esse
1171 4188 1355 4237 memores

408 4314 623 4375 mereamur,
645 4289 720 4383 Qui
740 4315 884 4388 regnas
907 4292 973 4363 &c

707 4538 773 4610 Ao
800 4562 1042 4614 uxrurrunu.

406 4534 503 4639 [59]

460 4688 521 4761 Tu
540 4713 580 4760 es
599 4714 685 4784 spes
704 4705 741 4761 et
760 4687 867 4762 salus.
923 4690 984 4762 Tu
1004 4715 1045 4762 es
1073 4690 1150 4764 vita
1168 4706 1205 4762 et
1227 4690 1354 4763 virtus.

411 4812 473 4886 Tu
504 4839 545 4886 es
579 4813 727 4911 adjutor
763 4815 799 4886 in
838 4813 1147 4888 tribulationibus,
1219 4815 1281 4888 Tu
1316 4841 1357 4889 es
1455 4884 1456 4888 ,

411 4939 585 5014 defensor
615 4941 820 5013 animarum
848 4957 1067 5026 nostrarum,
1094 4942 1200 5015 Deus
1231 4941 1354 5027 lsrael,

414 5066 450 5139 in
473 5064 656 5150 omnibus
679 5065 754 5159 Qui
775 5091 917 5165 regnas
936 5066 1007 5141 &c

414 5309 507 5414 [ω]

465 5462 501 5535 Ο
521 5461 583 5558 qui
600 5461 636 5533 in
656 5459 739 5533 altis
757 5460 913 5549 habitas,
928 5479 966 5535 et
984 5461 1136 5535 humilia
1155 5464 1306 5561 respicis
1322 5464 1358 5537 in

416 5584 520 5673 coelo
559 5605 596 5661 et
633 5587 669 5658 in
706 5604 812 5675 terra,
846 5588 882 5660 in
918 5589 1009 5661 mari
1045 5606 1083 5662 et
1115 5589 1150 5662 in
1186 5590 1360 5664 omnibus

416 5712 569 5807 abyssis
591 5712 639 5786 de
657 5713 842 5809 profundo
861 5714 982 5787 cordis
1002 5733 1038 5788 te
1057 5715 1300 5811 deprecamur
1320 5736 1360 5790 ut

415 5838 538 5912 firmes
557 5864 687 5911 manus
715 5858 860 5913 nostras
890 5840 938 5913 ad
956 5839 1137 5936 proelium,
1159 5862 1195 5915 et
1222 5843 1360 5942 digitos

414 5981 561 6037 nostros
585 5963 632 6035 ad
660 5963 806 6050 bellurn,
827 5991 901 6061 quo
920 5967 1104 6061 possimus
1124 5968 1158 6039 in
1179 5969 1361 6042 matutino

415 6088 620 6163 interficere
639 6116 770 6163 omnes
789 6109 1003 6187 peccatores
1023 6109 1130 6164 terrae
1150 6112 1297 6179 nostrae,
1318 6121 1361 6167 ac

414 6241 482 6289 nos
523 6214 778 6290 indeficienter
812 6242 1020 6290 mereamur
1063 6244 1147 6290 esse
1182 6219 1361 6316 templum

416 6361 585 6416 sanctum
605 6360 718 6428 tuum,
739 6342 897 6429 Christe,
919 6344 993 6438 Qui
1013 6370 1158 6444 regnas,
1180 6346 1246 6419 &c

722 5310 786 5384 Ao
813 5336 1056 5386 unrurruxx.

1447 1049 1543 1149 [Fol.
1566 1047 1664 1148 nv]

1448 1198 1541 1302 [ω]

1501 1377 1617 1461 Deus,
1663 1375 1725 1472 qui
1775 1390 1924 1447 sanctos
1968 1390 2052 1445 tuos
2095 1395 2178 1444 cum
2222 1393 2397 1444 mensura

1448 1502 1594 1600 probas,
1631 1519 1669 1575 et
1712 1502 1792 1574 sine
1836 1524 2009 1572 mensura
2051 1494 2246 1596 glorificas,
2292 1495 2397 1592 cujus

1450 1647 1636 1725 praecepta
1655 1627 1769 1701 finem
1797 1625 1951 1712 habent,
1970 1642 2008 1698 et
2027 1623 2180 1720 praemia
2198 1623 2395 1695 terminum

1449 1780 1523 1828 non
1542 1754 1690 1840 habent,
1711 1752 1845 1826 exaudi
1864 1776 1931 1848 per
1949 1749 2093 1822 illorum
2111 1748 2243 1821 merita
2268 1773 2399 1843 preces

1451 1896 1606 1966 nostraS,
1652 1898 1689 1952 et
1748 1878 1868 1951 tribue
1920 1894 1960 1948 ut
2013 1899 2141 1947 eorum
2196 1872 2401 1969 patrocinia

1450 2006 1628 2104 adjuvent
1648 2031 1715 2079 nos
1733 2004 1781 2078 ad
1800 2002 1886 2075 fidei
1914 2000 2129 2098 proiectum,
2150 1998 2197 2071 ad
2216 1999 2398 2071 bonorum

1451 2158 1605 2228 operum
1634 2131 1801 2214 fructum,
1823 2127 1869 2202 ad
1900 2126 2158 2224 prosperitatis
2185 2125 2336 2213 bonum,
2351 2123 2399 2195 ad

1451 2257 1675 2332 salubritatis
1694 2255 1941 2339 commodum,
1961 2253 2008 2326 ad
2031 2251 2222 2350 religionis
2248 2247 2397 2332 cultum,

1450 2384 1497 2457 ad
1516 2384 1632 2457 divini
1655 2383 1797 2456 timoris
1824 2396 2076 2479 augmentum,
2097 2402 2164 2474 per
2193 2376 2398 2447 Dominum

1452 2528 1617 2583 nostrum
1647 2508 1776 2606 lesum
1804 2507 2004 2589 Christum,
2029 2503 2164 2576 Filium
2192 2520 2306 2587 tuum,
2337 2501 2399 2597 qui

1452 2655 1509 2711 est
1527 2662 1592 2710 rex
1619 2661 1762 2734 regum,
1781 2652 1820 2707 et
1848 2633 2035 2706 Dominus
2061 2629 2341 2712 dominantium,
2362 2644 2402 2701 et

1452 2764 1571 2863 gloria
1589 2763 1804 2846 futurorum,
1825 2785 1986 2858 regnans
2014 2774 2052 2830 et
2079 2780 2300 2853 permanens
2327 2778 2402 2826 una

1454 2916 1536 2963 cum
1568 2907 1708 2962 aeterno
1741 2886 1883 2984 Spiritu
1910 2885 2051 2959 Sancto
2071 2883 2107 2956 in
2134 2879 2269 2953 saecula
2287 2905 2401 2953 saecu-

1453 3016 1582 3089 lorum.

1749 1200 1811 1274 Da
1839 1221 2093 1272 Manrxnrssus

1453 3263 1549 3364 [62]
1598 3260 1650 3365 >14
1677 3264 1896 3338 Coctncrro
1915 3284 2006 3335 Posr
2030 3281 2238 3334 cnuncun.

1507 3416 1624 3505 Deus,
1646 3416 1709 3512 qui
1736 3413 1888 3487 exeunti
1906 3439 1953 3485 ex
1980 3411 2154 3509 AEgypto
2172 3407 2310 3506 populo
2337 3425 2403 3482 tuo

1454 3543 1569 3616 maria
1586 3541 1756 3624 divisisti,
1777 3558 1815 3613 et
1834 3538 2025 3635 suspensis
2042 3537 2216 3632 utrinque
2228 3535 2401 3633 margini-

1455 3670 1523 3743 bus
1539 3669 1574 3741 in
1590 3668 1713 3764 specie
1725 3666 1819 3739 muri
1831 3665 1924 3763 erigi
1939 3663 2091 3737 fluentia
2096 3662 2404 3761 jussisti,animas

1455 3821 1603 3892 quoque
1623 3810 1768 3866 nostras
1786 3819 1808 3865 a
1826 3790 1966 3864 diluvio
1984 3806 2220 3886 peccatorum
2247 3785 2404 3861 liberare

1455 3921 1630 4021 digneris,
1651 3937 1691 3993 ut
1710 3919 1865 3990 transire
1884 3917 2059 3989 vitiorum
2073 3914 2262 4013 gurgitem
2281 3896 2403 3987 valea-

1457 4074 1548 4132 mus,
1574 4045 1681 4118 hoste
1708 4061 1934 4138 contempto
1962 4038 2061 4138 [Fol.
2103 4065 2120 4112 2
2127 4036 2200 4137 μ]
2231 4039 2406 4113 Salvator

1457 4172 1594 4253 mundi,
1622 4171 1684 4267 qui
1714 4196 1797 4242 cum
1825 4186 1966 4241 aterno
1995 4168 2105 4241 Patre
2129 4166 2234 4250 vivis
2261 4167 2407 4240 domin·

1457 4300 1540 4386 aris,
1559 4322 1601 4369 ac
1621 4322 1764 4393 regnas,
1782 4321 1864 4367 cum
1885 4294 2026 4390 Spiritu
2046 4292 2196 4378 Sancto,
2217 4293 2252 4364 in
2272 4292 2408 4366 saecula

1457 4422 1687 4499 saeculorum.

1457 4671 1497 4770 [6
1501 4672 1553 4770 3.]
1605 4672 1822 4747 Cotcncrro
1841 4692 1931 4742 posr
1950 4692 2263 4743 nnnnorcrronnu

1825 4819 2042 4869 nunnonuu.

1511 4949 1658 5022 Exaudi
1683 4974 1812 5045 preces
1839 4963 1994 5031 nostras
2023 4947 2260 5044 omnipotens
2288 4948 2405 5036 Deus,

1460 5093 1497 5150 et
1524 5094 1660 5172 praesta
1686 5093 1726 5148 ut
1744 5075 1838 5147 sicut
1870 5075 1906 5146 in
1925 5073 2123 5146 decantato
2141 5071 2281 5169 hymno
2299 5075 2411 5148 beata

1460 5229 1657 5301 puerorum
1686 5202 1853 5274 instituta
1879 5216 2073 5286 sectamur,
2094 5200 2145 5274 ita
2163 5218 2228 5274 tuo
2254 5227 2408 5275 munere

1458 5348 1693 5429 peccatorum
1711 5327 1852 5424 laqueis
1878 5325 2037 5401 absoluti
2064 5327 2192 5400 aeterni
2212 5326 2308 5426 ignis
2333 5353 2409 5401 non

1459 5456 1665 5530 ambiamur
1684 5454 1872 5539 incendiis,
1887 5452 2062 5528 Salvator
2073 5452 2212 5539 mundi,
2231 5453 2305 5547 Qui
2324 5480 2410 5527 cum

1464 5585 1572 5657 Patre
1591 5581 1697 5667 vivis,
1719 5582 1785 5653 &c

1456 5812 1553 5910 [64]
1584 5811 1802 5885 Conancno
1829 5831 1920 5884 rosa
1938 5832 2031 5882 anns
2058 5832 2296 5884 PSALMOS.1N

1879 5958 1980 6010 rina.

1512 6090 1571 6164 Te
1602 6089 1807 6163 Dominum
1833 6088 1880 6161 de
1908 6085 2011 6160 coelis
2046 6086 2250 6173 laudamus,
2279 6087 2345 6162 tibi
2372 6107 2414 6164 ut

1462 6217 1643 6290 canticum
1688 6240 1827 6288 novum
1862 6232 2011 6287 cantare
2054 6240 2273 6287 mereamur.
2355 6215 2415 6289 Te

1467 6343 1672 6417 Dominum
1735 6341 1771 6413 in
1824 6341 1962 6414 sanctis
2018 6341 2090 6414 tuis
2150 6338 2413 6415 venerabiliter
