5580 7372
392 767 436 834 1'6
943 768 1104 821 munus
1130 761 1264 816 snucrr
1292 753 1474 810 coneum
1501 746 1658 801 nunnus
1685 743 1835 796 uosrru.

452 1007 514 1055 xx.
541 979 664 1054 Verus
682 973 800 1049 cultor
817 988 856 1047 et
875 966 1032 1068 insignis

544 1104 639 1203 Agri
659 1098 875 1199 evangelici,

546 1231 664 1328 Cujus
682 1228 825 1302 semina
842 1222 1019 1296 videntur

545 1356 685 1432 Christi
704 1348 909 1450 evangelia,

548 1484 645 1578 Quae
664 1480 792 1553 divino
811 1475 899 1550 serit
917 1497 983 1545 ore

553 1611 596 1683 In
615 1632 725 1682 aures
743 1600 993 1702 prudentium,

550 1736 797 1830 Quocumque
814 1727 927 1802 corda
944 1751 987 1799 ac
1007 1738 1151 1797 mentes

553 1863 693 1936 Sancto
708 1875 786 1933 arat
805 1854 948 1953 spiritu.

452 2113 525 2186 xxi.
556 2112 640 2208 Xps
658 2109 730 2208 [rie.
752 2101 942 2201 Christus]
962 2099 1063 2173 illum
1082 2096 1151 2171 sibi
1171 2093 1285 2193 elegit

557 2239 600 2311 ln
619 2236 727 2310 terris
745 2233 934 2314 vicarium,

556 2363 631 2457 Qui
646 2361 693 2434 de
711 2359 864 2460 gemino
880 2353 1051 2451 captivos

558 2488 710 2562 Liberat
728 2484 891 2569 servitio,

558 2613 762 2709 Plerosque
780 2611 827 2684 de
846 2607 1028 2681 servitute

558 2740 665 2834 Quos
684 2736 840 2810 redemit
858 2733 1051 2806 hominum

560 2867 779 2939 innumeros
797 2861 845 2934 de
864 2856 981 2932 zaboli

559 2989 736 3066 Absolvit
753 2985 929 3060 dominio.

444 3246 529 3318 xxii.
559 3244 706 3316 Ymnos
724 3264 808 3312 cum
828 3233 1056 3333 Apocalypsi

563 3366 806 3461 Psalmosque
824 3380 949 3437 cantat
969 3361 1054 3443 Dei,

564 3495 745 3589 Quosque
760 3489 807 3563 ad
827 3487 1086 3562 aedificandum

565 3621 639 3694 Dei
658 3633 790 3692 tractat
808 3612 997 3713 populum,

565 3748 689 3842 Quam
712 3744 854 3841 Legem
874 3741 910 3812 in
930 3739 1116 3812 Trinitate

567 3871 671 3947 Sacri
690 3867 807 3942 credit
826 3866 996 3949 nominis

565 3997 779 4091 Tribusque
797 3990 966 4090 personis
985 4014 1096 4062 unam

568 4125 767 4217 Docetque
786 4116 1043 4191 substantiam.

444 4347 544 4420 xxiii.
575 4345 680 4417 Zona
701 4339 855 4414 Domini
875 4337 1098 4435 praecinctus

572 4470 719 4544 Diebus
737 4492 780 4539 ac
799 4465 969 4538 noctibus

570 4598 661 4670 Sine
680 4591 952 4666 intermissione

573 4724 699 4796 Deum
718 4737 799 4793 orat
820 4716 1038 4803 Dominum,

424 4852 523 4951 [Fol.
550 4847 645 4946 15v.]

576 4975 695 5070 Cujus
714 4974 876 5070 ingentis
894 4966 1030 5041 laboris

579 5102 824 5196 Percepturus
843 5094 1037 5192 praemium

579 5227 676 5300 Cum
695 5221 872 5321 apostolis
887 5218 1058 5318 regnabit

578 5353 740 5426 Sanctus
758 5372 869 5443 super
889 5342 1013 5419 Israel.

634 5591 813 5665 Patricius
831 5589 1031 5686 episcopus

636 5719 732 5792 Oret
750 5742 818 5813 pro
838 5715 945 5788 nobis
964 5713 1148 5799 omnibus

635 5845 691 5917 Ut
710 5841 904 5915 deleantur
920 5841 1091 5938 protinus

639 5971 796 6044 Peccata
814 5993 898 6063 quae
916 5966 1179 6039 commisimus.

641 6213 788 6286 Patricii
808 6209 935 6285 laudes
954 6237 1104 6309 semper
1122 6212 1298 6300 dicamus,

642 6339 697 6413 Ut
716 6364 784 6412 nos
802 6364 886 6411 cum
906 6336 968 6411 illo
986 6362 1135 6435 semper
1153 6339 1332 6441 vivamus

1471 1059 1566 1164 [14]
1596 1061 1770 1134 Hruuus
1798 1056 1943 1130 Snucrr
1972 1052 2167 1126 Concrttr
2193 1050 2365 1123 Aonnrrs

1849 1202 1999 1254 NOSTRI.

1654 1357 1912 1433 Recordemur
1924 1352 2081 1453 justitiae

1652 1484 1783 1560 Nostri
1802 1481 1948 1580 patroni
1968 1479 2121 1578 fulgidae

1652 1608 1826 1709 Comgilli
1846 1606 1963 1681 sancti
1983 1605 2143 1691 nomine,

1654 1732 1889 1832 Resulgentis
1908 1732 1944 1805 in
1963 1754 2087 1827 opere,

1652 1861 1785 1958 Adjuti
1807 1857 1881 1932 Dei
1900 1855 2058 1941 flamine,

1657 1987 1798 2061 Sancto
1816 1981 1991 2078 claroque
2009 1978 2149 2054 lumine

1656 2111 1852 2186 Trinitatis
1871 2105 2095 2195 celsissimae,

1657 2240 1804 2312 Cuncta
1822 2233 1985 2310 tenentis
2004 2231 2183 2330 regmine.

1757 2363 1881 2458 Quem
1904 2359 2009 2433 Deus
2026 2358 2075 2431 ad
2092 2356 2257 2430 aetherea

1757 2486 1949 2562 Conduxit
1967 2481 2179 2559 habitacula

1704 2703 1705 2706 Ἴ
1758 2613 1822 2687 Ab
1839 2611 1983 2712 angelis
2001 2609 2187 2684 custodita

1760 2742 2007 2814 Permansura
2025 2737 2062 2810 in
2081 2731 2226 2808 saecula.

1615 2991 1638 3064 i.
1665 2989 1807 3062 Audite
1825 3004 1959 3083 pantes
1979 3004 2017 3058 ta
2034 3011 2125 3083 erga

1660 3113 1777 3188 Allati
1795 3113 1844 3187 ad
1862 3111 2031 3210 angelica

1660 3239 1826 3315 Athletae
1848 3239 1922 3312 Dei
1941 3238 2079 3322 abdita,

1660 3368 1697 3440 A
1711 3368 1910 3464 juventute
1928 3364 2059 3438 florida

1663 3486 1788 3558 Aucta
1806 3484 1842 3555 in
1862 3480 1955 3580 legis
1972 3481 2119 3579 pagina,

1663 3600 1753 3675 Alta
1772 3601 1900 3675 Sancti
1919 3599 2157 3696 perviscera,

1662 3728 1767 3825 Apta
1785 3725 1859 3798 fide
1873 3725 2028 3822 justitia,

1665 3854 1731 3927 Ad
1753 3852 1825 3925 Dei
1845 3852 1956 3924 ducta
1973 3849 2120 3948 gaudia,

1665 3979 1744 4052 Alti
1764 3976 1875 4051 allata
1893 3977 2026 4050 merita

1665 4105 1820 4178 Affatim
1839 4102 2110 4187 concordantia,

2001 4229 2065 4301 Ab
2083 4226 2225 4326 angelis
2243 4227 2312 4301 &e

1604 4482 1637 4554 ii.
1670 4479 1813 4552 Bonam
1832 4478 1957 4563 vitam,
1973 4476 2166 4574 justitiam,

1673 4603 1949 4702 Benignitatem
1969 4601 2147 4687 floridam,

1671 4731 1877 4804 Caritatem
1895 4728 2154 4812 firmissimam,

1674 4857 1761 4930 Deo
1778 4856 1898 4951 primo
1915 4854 2130 4940 adhibitam,

1673 4983 1787 5079 Juxta
1805 4980 2021 5054 mandatum
2040 4980 2206 5062 solidam,

1677 5107 1720 5180 ln
1740 5132 1857 5205 regno
1875 5106 2227 5202 praestantissimam,

1679 5232 1865 5306 Proximis
1884 5257 1984 5327 saepe
2002 5230 2178 5317 debitam,

1677 5358 1803 5431 Corde
1821 5381 1954 5430 sereno
1972 5353 2155 5452 placitam,

1681 5482 1879 5556 Efficiebat
1896 5483 2084 5580 cognitam

1682 5609 1725 5681 In
1744 5609 1867 5681 futuro
1886 5608 2119 5693 fructiferam,

1986 5734 2110 5828 Quem
2132 5735 2238 5807 Deus
2256 5734 2322 5810 &c

1608 5962 1656 6035 iii.
1685 5961 1954 6055 Contemptum
1974 5959 2215 6034 mundialium

1680 6086 1925 6160 Voluntatum
1943 6088 2181 6182 praesentium

1681 6213 1867 6286 Vitiorum
1886 6211 2137 6285 firmissimum

1686 6338 1860 6413 Infirmos
1878 6338 2163 6424 devastantium,
