5580 7372
590 706 653 779 xiv
1381 731 1679 784 rurnonucrrou.

645 933 818 1007 Martene
835 931 1038 1030 complains
1057 932 1137 1007 that
1155 933 1220 1008 the
1238 933 1391 1031 chapter
1408 935 1439 1007 is
1458 961 1500 1009 so
1518 935 1675 1009 obscure
1693 961 1734 1007 as
1752 952 1792 1009 to
1810 935 1857 1010 be
1875 934 2002 1033 barely
2020 934 2246 1034 intelligible,
2266 937 2332 1010 but
2351 936 2531 1032 proceeds

540 1075 580 1133 to
598 1057 746 1156 explain
765 1060 791 1133 it
810 1058 917 1132 thus:
949 1069 969 1098 “
983 1060 1021 1132 S.
1044 1059 1264 1133 Columbani
1284 1086 1412 1133 cursus
1430 1086 1630 1158 expressus
1656 1059 1814 1134 habetur
1831 1062 1868 1134 in
1886 1061 1967 1157 ejus
1997 1061 2164 1159 Regulae
2195 1062 2315 1158 capite
2343 1083 2374 1155 7.
2395 1064 2461 1136 sed
2481 1063 2532 1134 ita

539 1185 705 1269 obscure,
726 1202 767 1257 ut
785 1184 848 1257 vix
867 1183 1020 1283 intelligi
1039 1185 1165 1282 possit.
1221 1186 1460 1282 Quapropter
1477 1187 1558 1284 ejus
1576 1212 1651 1260 non
1670 1187 1785 1260 verba
1802 1186 1868 1260 sed
1886 1213 2036 1260 sensum
2055 1186 2114 1259 hic
2132 1187 2342 1261 referemus
2400 1188 2531 1284 ltaque

537 1328 668 1385 noctes
686 1308 904 1406 prolixiores
921 1336 944 1382 a
961 1309 1193 1383 brevioribus
1210 1310 1453 1409 distinguens,
1474 1311 1618 1408 hyemis
1636 1329 1813 1408 tempore,
1830 1311 1900 1385 hoc
1917 1329 1985 1398 est,
2000 1312 2049 1384 ab
2065 1311 2300 1409 aequinoctio
2317 1312 2528 1396 autumnali,

539 1434 610 1509 hoc
635 1453 702 1520 est,
731 1436 779 1508 ab
806 1437 828 1508 8
856 1434 1042 1508 Calendas
1078 1434 1254 1544 Octobris
1279 1462 1397 1534 usque
1423 1437 1471 1510 ad
1498 1436 1684 1511 Calendas
1714 1437 1946 1524 Februarias,
1979 1438 2132 1535 triginta
2158 1463 2225 1511 sex
2252 1437 2415 1534 psalmos
2445 1464 2529 1511 cum

537 1560 734 1635 duodecim
760 1558 973 1657 antiphonis
999 1560 1047 1634 ad
1072 1559 1237 1659 singulas
1264 1581 1393 1636 noctes
1419 1562 1490 1635 dici
1521 1562 1747 1659 praescribit,
1786 1563 1837 1636 ita
1862 1580 1903 1635 ut
1930 1562 2085 1660 singulis
2118 1562 2236 1636 tribus
2270 1562 2422 1660 psalmis
2457 1590 2531 1636 una

537 1687 776 1760 interseratur
793 1685 1005 1782 antiphona,
1026 1713 1047 1759 a
1066 1685 1243 1760 Calendis
1261 1713 1351 1761 vero
1372 1688 1583 1761 Februariis
1601 1714 1718 1785 usque
1744 1689 2017 1785 aequinoctium
2035 1686 2257 1773 autumnale,
2278 1687 2348 1762 hoc
2366 1706 2423 1762 est
2449 1707 2529 1762 toto

537 1838 635 1897 vere,
680 1829 832 1897 aestate,
869 1828 906 1885 et
941 1812 1106 1884 autumni
1142 1830 1247 1908 parte
1281 1813 1465 1898 anteriori,
1503 1813 1634 1912 viginti
1677 1831 1836 1911 quatuor
1879 1812 2043 1910 psalmos
2078 1839 2162 1887 cum
2205 1831 2291 1887 octo
2335 1814 2528 1887 dumtaxat

536 1936 749 2034 antiphonis
766 1937 899 2011 eodem
926 1961 1076 2033 prorsus
1095 1937 1219 2024 mod0,
1238 1938 1308 2012 hoc
1327 1956 1394 2023 est,
1413 1956 1454 2012 ut
1472 1938 1627 2037 singulis
1646 1939 1763 2012 tribus
1781 1938 1932 2035 psalmis
1949 1965 2024 2011 una
2041 1940 2280 2013 interseratur
2304 1939 2528 2036 antiphona:

535 2063 641 2136 aliter
659 2089 749 2137 vero
769 2063 977 2136 Dominicis
1002 2080 1040 2137 et
1068 2063 1222 2136 Sabbati
1250 2064 1395 2162 vigiliis,
1424 2081 1465 2137 ut
1492 2063 1667 2150 dicemus,
1695 2090 1778 2138 cum
1804 2064 1852 2138 de
1878 2063 1939 2138 die
1968 2064 2167 2138 Dominica
2191 2091 2356 2163 agemus.
2414 2064 2528 2137 Hunc

536 2214 683 2261 cursum
702 2187 740 2261 S.
762 2187 1017 2262 Columbanus
1044 2215 1067 2260 a
1092 2188 1299 2262 senioribus
1325 2207 1529 2286 acceperat,
1558 2189 1630 2263 hoc
1654 2207 1723 2275 est,
1752 2216 1775 2262 a
1801 2190 2028 2263 monasterio
2058 2188 2237 2276 Benchor,
2258 2191 2294 2263 in
2312 2216 2387 2287 quo
2413 2190 2528 2263 vitam

535 2313 777 2387 monasticam
795 2314 984 2410 professus
1003 2312 1168 2387 suerat.'’l

636 2438 757 2513 Other
774 2464 953 2537 passages
971 2440 1176 2513 connected
1193 2438 1283 2513 with
1304 2441 1367 2514 the
1387 2466 1497 2514 name
1514 2439 1558 2514 os
1573 2440 1627 2514 St.
1650 2440 1906 2514 Columbanus
1925 2440 2080 2538 bearing
2096 2467 2145 2514 on
2164 2439 2228 2515 the
2249 2440 2388 2514 Divine
2407 2439 2529 2515 Office

533 2591 597 2639 are
614 2563 745 2638 these:

634 2689 730 2785 ‘Qui
750 2688 1040 2763 humiliationem
1060 2690 1096 2761 in
1116 2690 1269 2786 Synaxi,
1292 2691 1413 2776 idest,
1435 2691 1471 2763 in
1491 2690 1612 2763 Cursu
1631 2689 1768 2764 oblitus
1785 2690 1893 2764 luerit
1910 2687 2021 2790 (haec
2034 2708 2091 2765 est
2104 2689 2310 2764 humiliatio
2324 2691 2361 2764 in
2374 2690 2529 2766 ecclesia

532 2833 617 2912 post
635 2815 747 2889 finem
765 2815 944 2913 cujusque
964 2814 1115 2911 Psalmi)
1134 2814 1302 2890 similiter
1319 2814 1547 2912 poeniteat'l

635 3001 643 3029 ‘
658 2991 702 3063 ln
720 2989 875 3065 ecclesia
892 2991 981 3064 dum
999 2990 1195 3064 duodecim
1217 2989 1384 3065 Psalmos
1401 2992 1449 3065 ad
1470 2990 1742 3065 Duodecimam
1760 2989 1936 3064 canunt.⁴³

636 3167 746 3261 “Qui
765 3192 856 3265 ergo
884 3167 920 3238 in
940 3184 1048 3240 nocte
1078 3165 1277 3240 Dominica
1303 3183 1340 3241 et
1366 3184 1534 3264 tempore
1554 3166 1897 3267 Quinquagesimae
1922 3167 2133 3264 penitentes
2158 3193 2282 3265 genua
2308 3167 2460 3241 flectunt
2487 3168 2524 3240 in

533 3319 731 3367 commune
765 3319 848 3365 cum
884 3292 1057 3365 omnibus
1091 3291 1266 3365 fratribus
1292 3292 1466 3366 omnibus
1501 3292 1632 3367 diebus
1667 3319 1710 3367 ac
1747 3293 1918 3366 noctibus
1949 3309 2117 3389 tempore
2146 3293 2353 3366 orationum
2383 3293 2420 3365 in
2451 3293 2525 3368 fine

532 3419 697 3492 omnium
729 3418 958 3492 Psalmorum
985 3442 1109 3515 genua
1127 3417 1164 3491 in
1190 3418 1367 3505 oratione,
1397 3419 1427 3491 si
1455 3445 1529 3492 non
1557 3418 1749 3491 infirmitas
1768 3419 1939 3515 corporis
1965 3417 2036 3491 hoc
2063 3419 2202 3503 fecerit,
2231 3417 2379 3492 flectere
2405 3444 2525 3516 aequo

531 3545 657 3618 animo
691 3544 830 3617 debent
865 3543 934 3615 sub
969 3541 1116 3616 silentio
1151 3541 1338 3631 dicentes;
1381 3543 1523 3630 ‘Deus
1556 3545 1594 3616 in
1624 3544 1848 3642 adjutorium
1885 3569 2008 3618 meum
2044 3543 2217 3617 intende'
2256 3544 2442 3618 ‘Domine
2478 3545 2525 3617 ad

531 3670 784 3767 adjuvandum
812 3694 871 3742 me
906 3667 1062 3742 festina!
1106 3668 1229 3762 Quem
1259 3669 1480 3743 versiculum
1514 3688 1713 3767 postquam
1743 3687 1800 3743 ter
1827 3670 1938 3743 tacite
1969 3670 2006 3742 in
2034 3670 2201 3743 oratione
2235 3670 2523 3754 decantaverint,

532 3795 735 3893 aequaliter
761 3821 784 3867 a
814 3794 974 3868 flexione
1002 3794 1180 3866 orationis
1211 3812 1374 3892 surgant,
1411 3795 1577 3891 exceptis
1612 3796 1744 3868 diebus
1781 3795 2000 3880 Dominicis,
2032 3812 2069 3868 et
2097 3821 2120 3867 a
2147 3794 2266 3891 primo
2295 3796 2355 3868 die
2384 3795 2524 3869 Sancto

536 3920 700 3995 Paschae
731 3945 848 4017 usque
878 3919 926 3992 ad
960 3919 1309 4017 quinquagesimum
1345 3920 1453 4006 diem,
1493 3921 1529 3992 in
1557 3920 1692 4017 quibus
1727 3920 1918 3993 moderate
1954 3946 1994 3994 se
2020 3920 2060 3993 in
2092 3937 2260 4017 tempore
2290 3919 2523 3994 Psalmodiae

532 4046 777 4130 humiliantes
797 4071 920 4143 genua
939 4071 1012 4117 non
1031 4044 1231 4131 flectentes
1251 4045 1318 4118 sed
1337 4044 1466 4118 sedulo
1487 4045 1692 4119 Dominum
1710 4045 1867 4119 orent.”*

631 4171 675 4244 In
694 4171 757 4244 the
779 4169 874 4244 Rule
892 4171 935 4244 ol
949 4171 1002 4244 St.
1027 4171 1209 4257 Donatus,
1230 4169 1351 4243 which
1371 4197 1446 4245 was
1465 4170 1585 4244 Celtic
1600 4171 1641 4245 in
1661 4173 1707 4244 its
1725 4170 1962 4244 distribution
1989 4171 2032 4244 ol
2053 4169 2116 4244 the
2137 4168 2289 4260 Psalter,
2309 4171 2384 4244 and
2403 4170 2439 4243 in
2459 4172 2522 4244 the

530 4278 693 4394 severity
711 4297 754 4371 ol
767 4298 814 4369 its
832 4297 1012 4369 monastic
1030 4294 1296 4392 punishments
1317 4296 1381 4370 the
1397 4307 1409 4335 ‘
1425 4296 1565 4370 Cursus
1587 4296 1836 4370 Psalmorum'
1865 4297 1896 4369 is
1913 4295 1999 4370 thus
2016 4294 2090 4368 laid
2108 4297 2229 4369 down.

634 4432 655 4461 “
670 4423 760 4519 Cap.
781 4420 880 4494 lxxv.
912 4422 973 4495 De
993 4421 1137 4495 Ordine
1154 4446 1230 4518 quo
1247 4421 1404 4519 psallere
1423 4422 1594 4497 debeant.

635 4548 696 4622 De
724 4548 877 4645 Synaxi,
905 4546 943 4619 id
968 4564 1035 4633 est,
1064 4546 1111 4621 de
1140 4547 1263 4621 Cursu
1292 4547 1522 4621 Psalmorum
1548 4565 1587 4622 et
1612 4548 1820 4622 orationum
1847 4547 1960 4621 modo
1988 4545 2189 4632 Canonico,
2219 4546 2521 4644 juxta-normam

534 4672 702 4772 Regulae
729 4691 876 4746 nostrae
901 4671 1085 4769 quaedam
1112 4673 1146 4747 in
1168 4672 1281 4747 breve
1310 4691 1396 4746 sunt
1424 4674 1700 4772 distinguenda·
1752 4673 1816 4746 Ab
1846 4689 1980 4745 octauo
2002 4671 2160 4745 Kalend.
2191 4671 2366 4744 Octobris
2393 4670 2523 4744 crescit

531 4825 659 4873 cursus
686 4825 804 4896 usque
831 4799 879 4870 ad
907 4824 1093 4871 summum
1128 4799 1209 4895 ejus
1244 4798 1376 4896 viginti
1411 4800 1575 4896 quinque
1610 4799 1752 4884 chor'is;
1792 4823 1885 4895 quas
1913 4814 1993 4870 tota
2020 4796 2152 4882 hieme,
2173 4823 2270 4893 quae
2296 4823 2319 4869 a
2340 4795 2522 4869 Kalendis

534 4925 762 4999 Novembris
789 4924 924 5020 incipit,
951 4940 989 4998 et
1015 4922 1094 4996 finit
1121 4925 1157 4996 in
1187 4921 1370 4997 Kalendis
1400 4924 1593 4998 Februarii
1611 4924 1813 4998 cantandas
1840 4924 1876 4996 in
1906 4923 2094 4996 nocturnis
2122 4922 2258 5021 vigiliis
2281 4946 2348 5019 per
2374 4938 2520 4995 noctem

533 5050 689 5125 Sabbati
707 5066 744 5123 et
766 5048 987 5122 Dominicae
1005 5064 1129 5144 patres
1147 5050 1262 5123 nostri
1281 5067 1495 5123 sanxerunt.
1842 5141 1845 5148 Ι

634 5174 844 5247 Duodecim
871 5199 961 5247 vero
987 5172 1122 5248 chorae
1141 5174 1177 5246 in
1196 5173 1331 5271 hyeme
1358 5174 1458 5248 omni
1486 5192 1595 5249 nocte
1621 5174 1827 5247 cantandae
1853 5189 1939 5247 sunt
1962 5199 2082 5270 usque
2108 5173 2156 5245 ad
2174 5190 2308 5247 octavo
2330 5171 2521 5245 Kalendas

531 5299 682 5398 Aprilis,
702 5317 739 5374 et
758 5317 843 5396 post
860 5298 1034 5396 hyemem
1052 5299 1264 5396 quindecim
1283 5300 1418 5374 chorae
1431 5301 1473 5373 in
1492 5301 1605 5373 sacris
1626 5300 1833 5396 Martyrum
1853 5298 1997 5399 vigiliis.

609 5501 618 5535 ¹
640 5503 728 5561 Mart.
744 5501 831 5561 Tom.
848 5499 885 5560 iv.
902 5499 963 5560 Lib.
981 5497 999 5559 i.
1015 5519 1079 5576 cap.
1093 5501 1121 5559 ii.
1136 5499 1197 5576 §ix
1214 5521 1242 5578 p.
1261 5518 1286 5578 5

607 5607 619 5640 ²
639 5608 754 5680 Regula
767 5607 795 5666 S.
811 5604 993 5668 Columbani
1007 5605 1207 5678 coenobialis,
1222 5625 1288 5683 cap.
1304 5606 1332 5665 ii.
1375 5604 1421 5682 (P.
1439 5605 1583 5682 Fleming,
1603 5604 1778 5664 collectanea
1793 5603 1895 5676 Sarra,
1912 5602 2044 5676 Lovanii,
2064 5605 2149 5678 1667,
2162 5622 2190 5680 p.
2210 5601 2269 5679 19·)

607 5714 710 5773 ⁸Ibiul
727 5732 791 5789 cap.
806 5713 847 5772 iii.
890 5710 1025 5789 Fleming
1039 5720 1184 5789 utsupra,
1200 5732 1227 5789 p.
1243 5732 1288 5772 22.
1331 5713 1397 5772 The
1412 5711 1476 5772 title
1492 5711 1714 5772 ‘Duodecima’
1728 5711 1802 5771 does
1816 5720 1868 5770 not
1882 5710 2128 5770 occurasatitle
2142 5711 2245 5769 osone
2259 5709 2293 5769 ol
2304 5709 2355 5769 the
2371 5711 2473 5769 Hours
2488 5707 2518 5768 in

526 5822 577 5881 the
599 5821 718 5897 Bangor
740 5819 803 5878 MS.
819 5817 873 5878 but
894 5836 937 5877 we
957 5818 1046 5877 know
1066 5818 1130 5877 that
1150 5818 1172 5878 it
1193 5837 1251 5878 was
1273 5819 1444 5878 sometimes
1458 5818 1585 5877 another
1606 5835 1694 5876 name
1709 5817 1753 5876 for
1775 5817 1881 5876 ‘Hora
1901 5815 2095 5892 Vespertina'
2107 5833 2142 5875 or
2156 5816 2323 5891 ‘Vespers'
2344 5833 2418 5892 e.g.:
2442 5816 2519 5876 ‘Sed

527 5927 621 6003 prima
644 5922 687 5983 sic
709 5923 799 5984 debet
820 5922 880 5983 dici
904 5924 1059 6000 quomodo
1084 5923 1272 5983 Duodecima
1290 5942 1367 6001 quae
1387 5924 1496 5984 dicitur
1517 5923 1667 6000 Vespera!
1718 5923 1832 5998 Regula
1854 5922 2002 5995 Magistri
2021 5919 2178 5998 (probably
2203 5919 2351 5998 Gallican)
2375 5939 2439 5997 cap.
2470 5941 2516 5998 34.

528 6032 629 6091 Holst.
645 6032 688 6089 Pt.
705 6029 732 6089 ii.
750 6048 777 6106 p.
797 6049 812 6088 2
816 6049 864 6106 3²·
907 6030 966 6088 For
979 6029 1090 6089 further
1103 6030 1277 6090 authorities
1290 6048 1340 6089 see
1355 6031 1405 6089 Du
1420 6029 1524 6106 Cange
1540 6028 1732 6101 Glossarium,
1746 6039 1802 6087 etc.
1817 6028 1869 6086 sub
1882 6045 1951 6088 voce.
1995 6026 2152 6100 Mabillon,
2167 6027 2344 6102 Dr'sqursitrir
2364 6029 2398 6086 de
2422 6027 2517 6086 Cursu

531 6137 712 6211 Gallreanog
729 6155 753 6208 r,
769 6154 797 6195 n.
817 6136 861 6208 18,
878 6135 995 6211 printed
1009 6146 1039 6195 at
1054 6136 1105 6195 the
1119 6135 1179 6195 end
1193 6136 1285 6195 of'his
1298 6134 1380 6194 book
1395 6137 1445 6194 De
1458 6134 1597 6211 Lr‘turgia
1615 6134 1782 6205 Gallicana,
1799 6131 1889 6206 Paris,
1908 6134 1994 6210 1685.

607 6241 713 6301 ‘Ibr'ci
736 6259 801 6317 cap.
825 6240 864 6299 iii.
888 6239 1023 6308 Flemina
1037 6247 1072 6298 ut
1093 6251 1184 6318 supra
1204 6259 1232 6317 p.
1262 6261 1308 6309 22,
1330 6240 1390 6300 and
1412 6251 1482 6300 note
1502 6258 1542 6300 on
1563 6259 1591 6317 p.
1608 6259 1655 6316 3²·
1695 6239 1752 6299 We
1773 6239 1857 6313 have,
1882 6237 1913 6298 in
1934 6237 1994 6299 this
2014 6248 2133 6313 extract,
2156 6238 2363 6315 incorporated
2384 6256 2467 6298 some
2486 6239 2521 6298 of

528 6346 686 6426 Flemiug's
706 6344 849 6424 marginal
862 6346 999 6424 readings
1012 6347 1088 6407 from
1102 6347 1153 6407 the
1167 6347 1273 6409 Codex
1286 6349 1485 6425 Augustanus.
